% Encoding: UTF-8


@Article{And10,
  Title                    = {{From filamentary clouds to prestellar cores to the stellar IMF: Initial highlights from the Herschel Gould Belt Survey}},
  Author                   = {{Andr{\'e}}, Ph. and {Men'shchikov}, A. and {Bontemps}, S. and {K{\"o}nyves}, V. and {Motte}, F. and {Schneider}, N. and {Didelon}, P. and {Minier}, V. and {Saraceno}, P. and {Ward-Thompson}, D. and {di Francesco}, J. and {White}, G. and {Molinari}, S. and {Testi}, L. and {Abergel}, A. and {Griffin}, M. and {Henning}, Th. and {Royer}, P. and {Mer{\'\i}n}, B. and {Vavrek}, R. and {Attard}, M. and {Arzoumanian}, D. and {Wilson}, C.~D. and {Ade}, P. and {Aussel}, H. and {Baluteau}, J. -P. and {Benedettini}, M. and {Bernard}, J. -Ph. and {Blommaert}, J.~A.~D.~L. and {Cambr{\'e}sy}, L. and {Cox}, P. and {di Giorgio}, A. and {Hargrave}, P. and {Hennemann}, M. and {Huang}, M. and {Kirk}, J. and {Krause}, O. and {Launhardt}, R. and {Leeks}, S. and {Le Pennec}, J. and {Li}, J.~Z. and {Martin}, P.~G. and {Maury}, A. and {Olofsson}, G. and {Omont}, A. and {Peretto}, N. and {Pezzuto}, S. and {Prusti}, T. and {Roussel}, H. and {Russeil}, D. and {Sauvage}, M. and {Sibthorpe}, B. and {Sicilia-Aguilar}, A. and {Spinoglio}, L. and {Waelkens}, C. and {Woodcraft}, A. and {Zavagno}, A.},
  Journal                  = {\aap},
  Year                     = {2010},
  Month                    = {Jul},
  Pages                    = {L102},
  Volume                   = {518},
  Adsnote                  = {Provided by the SAO/NASA Astrophysics Data System},
  Adsurl                   = {https://ui.adsabs.harvard.edu/abs/2010A&A...518L.102A},
  Archiveprefix            = {arXiv},
  DOI                      = {10.1051/0004-6361/201014666},
  Eid                      = {L102},
  Eprint                   = {1005.2618},
  Keywords                 = {stars: formation, circumstellar matter, ISM: clouds, ISM: structure, submillimeter: ISM, Astrophysics - Astrophysics of Galaxies},
  Primaryclass             = {astro-ph.GA}
}

@Article{And93,
  Title                    = {{Submillimeter Continuum Observations of rho Ophiuchi A: The Candidate Protostar VLA 1623 and Prestellar Clumps}},
  Author                   = {{Andre}, Philippe and {Ward-Thompson}, Derek and {Barsony}, Mary},
  Journal                  = {\apj},
  Year                     = {1993},
  Month                    = {Mar},
  Pages                    = {122},
  Volume                   = {406},
  Adsnote                  = {Provided by the SAO/NASA Astrophysics Data System},
  Adsurl                   = {https://ui.adsabs.harvard.edu/abs/1993ApJ...406..122A},
  DOI                      = {10.1086/172425},
  Keywords                 = {Early Stars, Protostars, Star Formation, Stellar Structure, Cosmic Dust, Energy Distribution, Submillimeter Waves, Astrophysics, ISM: JETS AND OUTFLOWS, ISM: INDIVIDUAL ALPHANUMERIC: VLA 1623, STARS: INDIVIDUAL CONSTELLATION NAME: RHO OPHIUCHI A, STARS: PRE--MAIN-SEQUENCE, RADIO CONTINUUM: STARS}
}

@Article{Arc06,
  Title                    = {{The Evolution of Outflow-Envelope Interactions in Low-Mass Protostars}},
  Author                   = {{Arce}, H{\'e}ctor G. and {Sargent}, Anneila I.},
  Journal                  = {\apj},
  Year                     = {2006},
  Month                    = {Aug},
  Number                   = {2},
  Pages                    = {1070-1085},
  Volume                   = {646},
  Adsnote                  = {Provided by the SAO/NASA Astrophysics Data System},
  Adsurl                   = {https://ui.adsabs.harvard.edu/abs/2006ApJ...646.1070A},
  Archiveprefix            = {arXiv},
  DOI                      = {10.1086/505104},
  Eprint                   = {astro-ph/0605139},
  Keywords                 = {ISM: Evolution, ISM: Jets and Outflows, ISM: Molecules, Stars: Formation, Stars: Pre-Main-Sequence, Astrophysics},
  Primaryclass             = {astro-ph}
}

@Article{Aso18,
  Title                    = {{The Distinct Evolutionary Nature of Two Class 0 Protostars in Serpens Main SMM4}},
  Author                   = {{Aso}, Yusuke and {Hirano}, Naomi and {Aikawa}, Yuri and {Machida}, Masahiro N. and {Takakuwa}, Shigehisa and {Yen}, Hsi-Wei and {Williams}, Jonathan P.},
  Journal                  = {\apj},
  Year                     = {2018},
  Month                    = {Aug},
  Number                   = {1},
  Pages                    = {19},
  Volume                   = {863},
  Adsnote                  = {Provided by the SAO/NASA Astrophysics Data System},
  Adsurl                   = {https://ui.adsabs.harvard.edu/abs/2018ApJ...863...19A},
  Archiveprefix            = {arXiv},
  DOI                      = {10.3847/1538-4357/aacf9b},
  Eid                      = {19},
  Eprint                   = {1806.10743},
  Keywords                 = {circumstellar matter, stars: individual: SMM4A, SMM4B, stars: low-mass, stars: protostars, Astrophysics - Solar and Stellar Astrophysics, Astrophysics - Astrophysics of Galaxies},
  Primaryclass             = {astro-ph.SR}
}

@Article{Bac01,
  Title                    = {{Chemically active outflow L 1157}},
  Author                   = {{Bachiller}, R. and {P{\'e}rez Guti{\'e}rrez}, M. and {Kumar}, M.~S.~N. and {Tafalla}, M.},
  Journal                  = {\aap},
  Year                     = {2001},
  Month                    = {Jun},
  Pages                    = {899-912},
  Volume                   = {372},
  Adsnote                  = {Provided by the SAO/NASA Astrophysics Data System},
  Adsurl                   = {https://ui.adsabs.harvard.edu/abs/2001A&A...372..899B},
  DOI                      = {10.1051/0004-6361:20010519},
  Keywords                 = {STARS: FORMATION, INTERSTELLAR MEDIUM: INDIVIDUAL OBJECTS: L 1157, INTERSTELLAR MEDIUM: JETS AND OUTFLOWS, INTERSTELLAR MEDIUM: MOLECULES}
}


@Article{Ben16,
  Title                    = {{Water in star-forming regions with Herschel (WISH). VI. Constraints on UV and X-ray irradiation from a survey of hydrides in low- to high-mass young stellar objects}},
  Author                   = {{Benz}, A.~O. and {Bruderer}, S. and {van Dishoeck}, E.~F. and {Melchior}, M. and {Wampfler}, S.~F. and {van der Tak}, F. and {Goicoechea}, J.~R. and {Indriolo}, N. and {Kristensen}, L.~E. and {Lis}, D.~C. and {Mottram}, J.~C. and {Bergin}, E.~A. and {Caselli}, P. and {Herpin}, F. and {Hogerheijde}, M.~R. and {Johnstone}, D. and {Liseau}, R. and {Nisini}, B. and {Tafalla}, M. and {Visser}, R. and {Wyrowski}, F.},
  Journal                  = {\aap},
  Year                     = {2016},
  Month                    = {May},
  Pages                    = {A105},
  Volume                   = {590},
  Adsnote                  = {Provided by the SAO/NASA Astrophysics Data System},
  Adsurl                   = {https://ui.adsabs.harvard.edu/abs/2016A&A...590A.105B},
  Archiveprefix            = {arXiv},
  DOI                      = {10.1051/0004-6361/201525835},
  Eid                      = {A105},
  Eprint                   = {1603.08721},
  Keywords                 = {stars: formation, stars: low-mass, stars: massive, ISM: molecules, ultraviolet: ISM, astrochemistry, Astrophysics - Solar and Stellar Astrophysics},
  Primaryclass             = {astro-ph.SR}
}

@Article{Ber07,
  Title                    = {{Cold Dark Clouds: The Initial Conditions for Star Formation}},
  Author                   = {{Bergin}, Edwin A. and {Tafalla}, Mario},
  Journal                  = {\araa},
  Year                     = {2007},
  Month                    = {Sep},
  Number                   = {1},
  Pages                    = {339-396},
  Volume                   = {45},
  Adsnote                  = {Provided by the SAO/NASA Astrophysics Data System},
  Adsurl                   = {https://ui.adsabs.harvard.edu/abs/2007ARA&A..45..339B},
  Archiveprefix            = {arXiv},
  DOI                      = {10.1146/annurev.astro.45.071206.100404},
  Eprint                   = {0705.3765},
  Keywords                 = {Astrophysics},
  Primaryclass             = {astro-ph}
}

@Article{Bog05,
  Title                    = {{CN and HCN in Dense Interstellar Clouds}},
  Author                   = {{Boger}, Gai I. and {Sternberg}, Amiel},
  Journal                  = {The Astrophysical Journal},
  Year                     = {2005},
  Month                    = {Oct},
  Number                   = {1},
  Pages                    = {302-315},
  Volume                   = {632},
  Adsnote                  = {Provided by the SAO/NASA Astrophysics Data System},
  Adsurl                   = {https://ui.adsabs.harvard.edu/abs/2005ApJ...632..302B},
  Archiveprefix            = {arXiv},
  DOI                      = {10.1086/432864},
  Eprint                   = {astro-ph/0506535},
  Keywords                 = {Galaxies: ISM, ISM: Evolution, Molecular Processes, Astrophysics},
  Primaryclass             = {astro-ph}
}

@Article{Bon96,
  Title                    = {{Evolution of outflow activity around low-mass embedded young stellar objects}},
  Author                   = {{Bontemps}, S. and {Andre}, P. and {Terebey}, S. and {Cabrit}, S.},
  Journal                  = {\aap},
  Year                     = {1996},
  Month                    = {Jul},
  Pages                    = {858-872},
  Volume                   = {311},
  Adsnote                  = {Provided by the SAO/NASA Astrophysics Data System},
  Adsurl                   = {https://ui.adsabs.harvard.edu/abs/1996A&A...311..858B},
  Keywords                 = {STARS: FORMATION, ISM: JETS AND OUTFLOWS, RADIO LINES: ISM, STARS: PRE-MAIN SEQUENCE, RADIO LINES: STARS}
}

@Article{Bru07,
  Title                    = {{Multidimensional Chemical Modeling of Young Stellar Objects. II. Irradiated Outflow Walls in a High-Mass Star-Forming Region}},
  Author                   = {{Bruderer}, S. and {Benz}, A.~O. and {Doty}, S.~D. and {van Dishoeck}, E.~F. and {Bourke}, T.~L.},
  Journal                  = {\apj},
  Year                     = {2009},
  Month                    = {Jul},
  Number                   = {1},
  Pages                    = {872-886},
  Volume                   = {700},
  Adsnote                  = {Provided by the SAO/NASA Astrophysics Data System},
  Adsurl                   = {https://ui.adsabs.harvard.edu/abs/2009ApJ...700..872B},
  Archiveprefix            = {arXiv},
  DOI                      = {10.1088/0004-637X/700/1/872},
  Eprint                   = {0906.0588},
  Keywords                 = {ISM: molecules, methods: data analysis, molecular processes, stars: formation, stars: individual: AFGL 2591, Astrophysics - Solar and Stellar Astrophysics},
  Primaryclass             = {astro-ph.SR}
}

@Article{Bru09,
  Title                    = {{Multidimensional Chemical Modeling of Young Stellar Objects. II. Irradiated Outflow Walls in a High-Mass Star-Forming Region}},
  Author                   = {{Bruderer}, S. and {Benz}, A.~O. and {Doty}, S.~D. and {van Dishoeck}, E.~F. and {Bourke}, T.~L.},
  Journal                  = {\apj},
  Year                     = {2009},
  Month                    = {Jul},
  Number                   = {1},
  Pages                    = {872-886},
  Volume                   = {700},
  Adsnote                  = {Provided by the SAO/NASA Astrophysics Data System},
  Adsurl                   = {https://ui.adsabs.harvard.edu/abs/2009ApJ...700..872B},
  Archiveprefix            = {arXiv},
  DOI                      = {10.1088/0004-637X/700/1/872},
  Eprint                   = {0906.0588},
  Keywords                 = {ISM: molecules, methods: data analysis, molecular processes, stars: formation, stars: individual: AFGL 2591, Astrophysics - Solar and Stellar Astrophysics},
  Primaryclass             = {astro-ph.SR}
}


@Article{Cas93,
  Title                    = {{A second phase of star formation in the Serpens core.}},
  Author                   = {{Casali}, M.~M. and {Eiroa}, C. and {Duncan}, W.~D.},
  Journal                  = {\aap},
  Year                     = {1993},
  Month                    = {Aug},
  Pages                    = {195-200},
  Volume                   = {275},
  Adsnote                  = {Provided by the SAO/NASA Astrophysics Data System},
  Adsurl                   = {https://ui.adsabs.harvard.edu/abs/1993A&A...275..195C},
  Keywords                 = {stars: formation, interstellar medium: clouds}
}

@Article{Ces05,
  Title                    = {{Outflow, Infall, and Rotation in High-Mass Star Forming Regions}},
  Author                   = {{Cesaroni}, R.},
  Journal                  = {\apss},
  Year                     = {2005},
  Month                    = jan,
  Pages                    = {5-17},
  Volume                   = {295},
  Adsnote                  = {Provided by the SAO/NASA Astrophysics Data System},
  Adsurl                   = {http://adsabs.harvard.edu/abs/2005Ap%26SS.295....5C},
  DOI                      = {10.1007/s10509-005-3651-8}
}

@Article{Cha12,
  Title                    = {{Chemistry in disks. VI. CN and HCN in protoplanetary disks}},
  Author                   = {{Chapillon}, E. and {Guilloteau}, S. and {Dutrey}, A. and {Pi{\'e}tu}, V. and {Gu{\'e}lin}, M.},
  Journal                  = {\aap},
  Year                     = {2012},
  Month                    = {Jan},
  Pages                    = {A60},
  Volume                   = {537},
  Adsnote                  = {Provided by the SAO/NASA Astrophysics Data System},
  Adsurl                   = {https://ui.adsabs.harvard.edu/abs/2012A&A...537A..60C},
  Archiveprefix            = {arXiv},
  DOI                      = {10.1051/0004-6361/201116762},
  Eid                      = {A60},
  Eprint                   = {1109.5595},
  Keywords                 = {circumstellar matter, astrochemistry, protoplanetary disks, radio lines: stars, Astrophysics - Astrophysics of Galaxies},
  Primaryclass             = {astro-ph.GA}
}

@ARTICLE{Cra78,
       author = {{Cravens}, T.~E. and {Dalgarno}, A.},
        title = "{Ionization, dissociation, and heating efficiencies of cosmic rays in a gas of molecular hydrogen.}",
      journal = {\apj},
     keywords = {Cosmic Rays, Gas Dissociation, Gas Heating, Gas Ionization, Hydrogen Clouds, Interstellar Gas, Energy Conversion Efficiency, Gas-Ion Interactions, Hydrogen Atoms, Hydrogen Ions, Space Radiation, Cosmic Rays:Dissociation, Cosmic Rays:Heating, Cosmic Rays:Ionization},
         year = "1978",
        month = "Jan",
       volume = {219},
        pages = {750-752},
          doi = {10.1086/155833},
       adsurl = {https://ui.adsabs.harvard.edu/abs/1978ApJ...219..750C},
      adsnote = {Provided by the SAO/NASA Astrophysics Data System}
}

@Article{Dan13,
  Title                    = {{Nitrogen isotopic ratios in Barnard 1: a consistent study of the N$_{2}$H$^{+}$, NH$_{3}$, CN, HCN, and HNC isotopologues}},
  Author                   = {{Daniel}, F. and {G{\'e}rin}, M. and {Roueff}, E. and {Cernicharo}, J. and {Marcelino}, N. and {Lique}, F. and {Lis}, D.~C. and {Teyssier}, D. and {Biver}, N. and {Bockel{\'e}e-Morvan}, D.},
  Journal                  = {\aap},
  Year                     = {2013},
  Month                    = {Dec},
  Pages                    = {A3},
  Volume                   = {560},
  Adsnote                  = {Provided by the SAO/NASA Astrophysics Data System},
  Adsurl                   = {https://ui.adsabs.harvard.edu/abs/2013A&A...560A...3D},
  Archiveprefix            = {arXiv},
  DOI                      = {10.1051/0004-6361/201321939},
  Eid                      = {A3},
  Eprint                   = {1309.5782},
  Keywords                 = {ISM: abundances, ISM: molecules, ISM: individual objects: Barnard 1, line: formation, astrochemistry, techniques: spectroscopic, Astrophysics - Astrophysics of Galaxies},
  Primaryclass             = {astro-ph.GA}
}


@Article{Dav99,
  Title                    = {{A burst of outflows from the Serpens cloud core: wide-field submillimetre continuum, CO J=2-1 and optical observations}},
  Author                   = {{Davis}, C.~J. and {Matthews}, H.~E. and {Ray}, T.~P. and {Dent}, W.~R.~F. and {Richer}, J.~S.},
  Journal                  = {\mnras},
  Year                     = {1999},
  Month                    = {Oct},
  Number                   = {1},
  Pages                    = {141-152},
  Volume                   = {309},
  Adsnote                  = {Provided by the SAO/NASA Astrophysics Data System},
  Adsurl                   = {https://ui.adsabs.harvard.edu/abs/1999MNRAS.309..141D},
  DOI                      = {10.1046/j.1365-8711.1999.02836.x}
}

@Article{dFr08,
  Title                    = {{The SCUBA Legacy Catalogues: Submillimeter-Continuum Objects Detected by SCUBA}},
  Author                   = {{Di Francesco}, James and {Johnstone}, Doug and {Kirk}, Helen and {MacKenzie}, Todd and {Ledwosinska}, Elizabeth},
  Journal                  = {\apjs},
  Year                     = {2008},
  Month                    = {Mar},
  Number                   = {1},
  Pages                    = {277-295},
  Volume                   = {175},
  Adsnote                  = {Provided by the SAO/NASA Astrophysics Data System},
  Adsurl                   = {https://ui.adsabs.harvard.edu/abs/2008ApJS..175..277D},
  Archiveprefix            = {arXiv},
  DOI                      = {10.1086/523645},
  Eprint                   = {0801.2595},
  Keywords                 = {atlases, catalogs, submillimeter, techniques: image processing, Astrophysics},
  Primaryclass             = {astro-ph}
}

@Article{dGr10,
  Title                    = {{The Herschel-Heterodyne Instrument for the Far-Infrared (HIFI)}},
  Author                   = {{de Graauw}, T. and {Helmich}, F.~P. and {Phillips}, T.~G. and {Stutzki}, J. and {Caux}, E. and {Whyborn}, N.~D. and {Dieleman}, P. and {Roelfsema}, P.~R. and {Aarts}, H. and {Assendorp}, R. and {Bachiller}, R. and {Baechtold}, W. and {Barcia}, A. and {Beintema}, D.~A. and {Belitsky}, V. and {Benz}, A.~O. and {Bieber}, R. and {Boogert}, A. and {Borys}, C. and {Bumble}, B. and {Ca{\"i}s}, P. and {Caris}, M. and {Cerulli-Irelli}, P. and {Chattopadhyay}, G. and {Cherednichenko}, S. and {Ciechanowicz}, M. and {Coeur-Joly}, O. and {Comito}, C. and {Cros}, A. and {de Jonge}, A. and {de Lange}, G. and {Delforges}, B. and {Delorme}, Y. and {den Boggende}, T. and {Desbat}, J.-M. and {Diez-Gonz{\'a}lez}, C. and {di Giorgio}, A.~M. and {Dubbeldam}, L. and {Edwards}, K. and {Eggens}, M. and {Erickson}, N. and {Evers}, J. and {Fich}, M. and {Finn}, T. and {Franke}, B. and {Gaier}, T. and {Gal}, C. and {Gao}, J.~R. and {Gallego}, J.-D. and {Gauffre}, S. and {Gill}, J.~J. and {Glenz}, S. and {Golstein}, H. and {Goulooze}, H. and {Gunsing}, T. and {G{\"u}sten}, R. and {Hartogh}, P. and {Hatch}, W.~A. and {Higgins}, R. and {Honingh}, E.~C. and {Huisman}, R. and {Jackson}, B.~D. and {Jacobs}, H. and {Jacobs}, K. and {Jarchow}, C. and {Javadi}, H. and {Jellema}, W. and {Justen}, M. and {Karpov}, A. and {Kasemann}, C. and {Kawamura}, J. and {Keizer}, G. and {Kester}, D. and {Klapwijk}, T.~M. and {Klein}, T. and {Kollberg}, E. and {Kooi}, J. and {Kooiman}, P.-P. and {Kopf}, B. and {Krause}, M. and {Krieg}, J.-M. and {Kramer}, C. and {Kruizenga}, B. and {Kuhn}, T. and {Laauwen}, W. and {Lai}, R. and {Larsson}, B. and {Leduc}, H.~G. and {Leinz}, C. and {Lin}, R.~H. and {Liseau}, R. and {Liu}, G.~S. and {Loose}, A. and {L{\'o}pez-Fernandez}, I. and {Lord}, S. and {Luinge}, W. and {Marston}, A. and {Mart{\'{\i}}n-Pintado}, J. and {Maestrini}, A. and {Maiwald}, F.~W. and {McCoey}, C. and {Mehdi}, I. and {Megej}, A. and {Melchior}, M. and {Meinsma}, L. and {Merkel}, H. and {Michalska}, M. and {Monstein}, C. and {Moratschke}, D. and {Morris}, P. and {Muller}, H. and {Murphy}, J.~A. and {Naber}, A. and {Natale}, E. and {Nowosielski}, W. and {Nuzzolo}, F. and {Olberg}, M. and {Olbrich}, M. and {Orfei}, R. and {Orleanski}, P. and {Ossenkopf}, V. and {Peacock}, T. and {Pearson}, J.~C. and {Peron}, I. and {Phillip-May}, S. and {Piazzo}, L. and {Planesas}, P. and {Rataj}, M. and {Ravera}, L. and {Risacher}, C. and {Salez}, M. and {Samoska}, L.~A. and {Saraceno}, P. and {Schieder}, R. and {Schlecht}, E. and {Schl{\"o}der}, F. and {Schm{\"u}lling}, F. and {Schultz}, M. and {Schuster}, K. and {Siebertz}, O. and {Smit}, H. and {Szczerba}, R. and {Shipman}, R. and {Steinmetz}, E. and {Stern}, J.~A. and {Stokroos}, M. and {Teipen}, R. and {Teyssier}, D. and {Tils}, T. and {Trappe}, N. and {van Baaren}, C. and {van Leeuwen}, B.-J. and {van de Stadt}, H. and {Visser}, H. and {Wildeman}, K.~J. and {Wafelbakker}, C.~K. and {Ward}, J.~S. and {Wesselius}, P. and {Wild}, W. and {Wulff}, S. and {Wunsch}, H.-J. and {Tielens}, X. and {Zaal}, P. and {Zirath}, H. and {Zmuidzinas}, J. and {Zwart}, F.},
  Journal                  = {\aap},
  Year                     = {2010},
  Month                    = jul,
  Pages                    = {L6},
  Volume                   = {518},
  Adsnote                  = {Provided by the SAO/NASA Astrophysics Data System},
  Adsurl                   = {http://adsabs.harvard.edu/abs/2010A%26A...518L...6D},
  DOI                      = {10.1051/0004-6361/201014698},
  Eid                      = {L6},
  Keywords                 = {instrumentation: spectrographs, methods: observational, infrared: general, submillimeter: general, techniques: spectroscopic}
}

@Article{Dio10,
  Title                    = {{Wide field CO J = 3 {\textrightarrow} 2 mapping of the Serpens cloud core}},
  Author                   = {{Dionatos}, O. and {Nisini}, B. and {Codella}, C. and {Giannini}, T.},
  Journal                  = {\aap},
  Year                     = {2010},
  Month                    = {Nov},
  Pages                    = {A29},
  Volume                   = {523},
  Adsnote                  = {Provided by the SAO/NASA Astrophysics Data System},
  Adsurl                   = {https://ui.adsabs.harvard.edu/abs/2010A&A...523A..29D},
  Archiveprefix            = {arXiv},
  DOI                      = {10.1051/0004-6361/200913839},
  Eid                      = {A29},
  Eprint                   = {1008.0365},
  Keywords                 = {stars: formation, ISM: jets and outflows, ISM: molecules, submillimeter: ISM, Astrophysics - Astrophysics of Galaxies},
  Primaryclass             = {astro-ph.GA}
}

@ARTICLE{Dio13,
       author = {{Dionatos}, O. and {J{\o}rgensen}, J.~K. and {Green}, J.~D. and
         {Herczeg}, G.~J. and {Evans}, N.~J. and {Kristensen}, L.~E. and
         {Lindberg}, J.~E. and {van Dishoeck}, E.~F.},
        title = "{Dust, ice and gas in time (DIGIT): Herschel and Spitzer spectro-imaging of SMM3 and SMM4 in Serpens}",
      journal = {\aap},
     keywords = {stars: formation, ISM: jets and outflows, ISM: molecules, ISM: abundances, infrared: ISM, submillimeter: ISM, Astrophysics - Astrophysics of Galaxies, Astrophysics - Earth and Planetary Astrophysics},
         year = "2013",
        month = "Oct",
       volume = {558},
          eid = {A88},
        pages = {A88},
          doi = {10.1051/0004-6361/201220452},
archivePrefix = {arXiv},
       eprint = {1307.2726},
 primaryClass = {astro-ph.GA},
       adsurl = {https://ui.adsabs.harvard.edu/abs/2013A&A...558A..88D},
      adsnote = {Provided by the SAO/NASA Astrophysics Data System}
}

@Article{DN97,
  Title                    = {{Models for Dense Molecular Cloud Cores}},
  Author                   = {{Doty}, S.~D. and {Neufeld}, D.~A.},
  Journal                  = {\apj},
  Year                     = {1997},
  Month                    = nov,
  Pages                    = {122},
  Volume                   = {489},
  Adsnote                  = {Provided by the SAO/NASA Astrophysics Data System},
  Adsurl                   = {http://adsabs.harvard.edu/abs/1997ApJ...489..122D},
  DOI                      = {10.1086/304764},
  Eprint                   = {arXiv:astro-ph/9707171},
  Keywords                 = {ISM: ABUNDANCES, ISM: CLOUDS, ISM: MOLECULES, MOLECULAR PROCESSES, RADIATIVE TRANSFER, RADIO LINES: ISM}
}

@Article{Dun14,
  Title                    = {{Molecular Outflows Driven by Low-mass Protostars. I. Correcting for Underestimates When Measuring Outflow Masses and Dynamical Properties}},
  Author                   = {{Dunham}, Michael M. and {Arce}, H{\'e}ctor G. and {Mardones}, Diego and {Lee}, Jeong-Eun and {Matthews}, Brenda C. and {Stutz}, Amelia M. and {Williams}, Jonathan P.},
  Journal                  = {\apj},
  Year                     = {2014},
  Month                    = {Mar},
  Number                   = {1},
  Pages                    = {29},
  Volume                   = {783},
  Adsnote                  = {Provided by the SAO/NASA Astrophysics Data System},
  Adsurl                   = {https://ui.adsabs.harvard.edu/abs/2014ApJ...783...29D},
  Archiveprefix            = {arXiv},
  DOI                      = {10.1088/0004-637X/783/1/29},
  Eid                      = {29},
  Eprint                   = {1401.2391},
  Keywords                 = {ISM: clouds, ISM: jets and outflows, stars: formation, stars: low-mass, submillimeter: ISM, Astrophysics - Astrophysics of Galaxies},
  Primaryclass             = {astro-ph.GA}
}

@Article{Dun15,
  Title                    = {{Young Stellar Objects in the Gould Belt}},
  Author                   = {{Dunham}, Michael M. and {Allen}, Lori E. and {Evans}, Neal J., II and {Broekhoven-Fiene}, Hannah and {Cieza}, Lucas A. and {Di Francesco}, James and {Gutermuth}, Robert A. and {Harvey}, Paul M. and {Hatchell}, Jennifer and {Heiderman}, Amanda and {Huard}, Tracy L. and {Johnstone}, Doug and {Kirk}, Jason M. and {Matthews}, Brenda C. and {Miller}, Jennifer F. and {Peterson}, Dawn E. and {Young}, Kaisa E.},
  Journal                  = {\apjs},
  Year                     = {2015},
  Month                    = {Sep},
  Number                   = {1},
  Pages                    = {11},
  Volume                   = {220},
  Adsnote                  = {Provided by the SAO/NASA Astrophysics Data System},
  Adsurl                   = {https://ui.adsabs.harvard.edu/abs/2015ApJS..220...11D},
  Archiveprefix            = {arXiv},
  DOI                      = {10.1088/0067-0049/220/1/11},
  Eid                      = {11},
  Eprint                   = {1508.03199},
  Keywords                 = {infrared: stars, ISM: clouds, stars: formation, stars: low-mass, Astrophysics - Astrophysics of Galaxies, Astrophysics - Solar and Stellar Astrophysics},
  Primaryclass             = {astro-ph.GA}
}

@Article{Eno07,
  Title                    = {{Comparing Star Formation on Large Scales in the c2d Legacy Clouds: Bolocam 1.1 mm Dust Continuum Surveys of Serpens, Perseus, and Ophiuchus}},
  Author                   = {{Enoch}, Melissa L. and {Glenn}, Jason and {Evans}, Neal J., II and {Sargent}, Anneila I. and {Young}, Kaisa E. and {Huard}, Tracy L.},
  Journal                  = {\apj},
  Year                     = {2007},
  Month                    = {Sep},
  Number                   = {2},
  Pages                    = {982-1001},
  Volume                   = {666},
  Adsnote                  = {Provided by the SAO/NASA Astrophysics Data System},
  Adsurl                   = {https://ui.adsabs.harvard.edu/abs/2007ApJ...666..982E},
  Archiveprefix            = {arXiv},
  DOI                      = {10.1086/520321},
  Eprint                   = {0705.3984},
  Keywords                 = {ISM: Clouds, ISM: Individual: Name: Serpens, ISM: Individual: Name: Perseus, ISM: individual (Ophiuchus), Stars: Formation, Submillimeter, Astrophysics},
  Primaryclass             = {astro-ph}
}

@Article{Eno09,
  Title                    = {{Properties of the Youngest Protostars in Perseus, Serpens, and Ophiuchus}},
  Author                   = {{Enoch}, Melissa L. and {Evans}, Neal J., II and {Sargent}, Anneila I. and {Glenn}, Jason},
  Journal                  = {\apj},
  Year                     = {2009},
  Month                    = {Feb},
  Number                   = {2},
  Pages                    = {973-997},
  Volume                   = {692},
  Adsnote                  = {Provided by the SAO/NASA Astrophysics Data System},
  Adsurl                   = {https://ui.adsabs.harvard.edu/abs/2009ApJ...692..973E},
  Archiveprefix            = {arXiv},
  DOI                      = {10.1088/0004-637X/692/2/973},
  Eprint                   = {0809.4012},
  Keywords                 = {infrared: ISM, ISM: clouds, ISM: individual: Perseus Serpens Ophiuchus, stars: formation, submillimeter, Astrophysics},
  Primaryclass             = {astro-ph}
}

@Article{Eva03,
  Title                    = {{From Molecular Cores to Planet-forming Disks: An SIRTF Legacy Program}},
  Author                   = {{Evans}, Neal J., II and {Allen}, Lori E. and {Blake}, Geoffrey A. and {Boogert}, A.~C.~A. and {Bourke}, Tyler and {Harvey}, Paul M. and {Kessler}, J.~E. and {Koerner}, David W. and {Lee}, Chang Won and {Mundy}, Lee G. and {Myers}, Philip C. and {Padgett}, Deborah L. and {Pontoppidan}, K. and {Sargent}, Anneila I. and {Stapelfeldt}, Karl R. and {van Dishoeck}, Ewine F. and {Young}, Chadwick H. and {Young}, Kaisa E.},
  Journal                  = {\pasp},
  Year                     = {2003},
  Month                    = {Aug},
  Number                   = {810},
  Pages                    = {965-980},
  Volume                   = {115},
  Adsnote                  = {Provided by the SAO/NASA Astrophysics Data System},
  Adsurl                   = {https://ui.adsabs.harvard.edu/abs/2003PASP..115..965E},
  Archiveprefix            = {arXiv},
  DOI                      = {10.1086/376697},
  Eprint                   = {astro-ph/0305127},
  Keywords                 = {ISM: Dust, Extinction, ISM: Clouds, Stars: Planetary Systems: Formation, Stars: Planetary Systems: Protoplanetary Disks, Stars: Formation, Surveys, Astrophysics},
  Primaryclass             = {astro-ph}
}

@Article{Eva09,
  Title                    = {{The Spitzer c2d Legacy Results: Star-Formation Rates and Efficiencies; Evolution and Lifetimes}},
  Author                   = {{Evans}, Neal J., II and {Dunham}, Michael M. and {J{\o}rgensen}, Jes K. and {Enoch}, Melissa L. and {Mer{\'\i}n}, Bruno and {van Dishoeck}, Ewine F. and {Alcal{\'a}}, Juan M. and {Myers}, Philip C. and {Stapelfeldt}, Karl R. and {Huard}, Tracy L. and {Allen}, Lori E. and {Harvey}, Paul M. and {van Kempen}, Tim and {Blake}, Geoffrey A. and {Koerner}, David W. and {Mundy}, Lee G. and {Padgett}, Deborah L. and {Sargent}, Anneila I.},
  Journal                  = {\apjs},
  Year                     = {2009},
  Month                    = {Apr},
  Number                   = {2},
  Pages                    = {321-350},
  Volume                   = {181},
  Adsnote                  = {Provided by the SAO/NASA Astrophysics Data System},
  Adsurl                   = {https://ui.adsabs.harvard.edu/abs/2009ApJS..181..321E},
  Archiveprefix            = {arXiv},
  DOI                      = {10.1088/0067-0049/181/2/321},
  Eprint                   = {0811.1059},
  Keywords                 = {dust, extinction, infrared: stars, ISM: clouds, stars: formation, Astrophysics},
  Primaryclass             = {astro-ph}
}

@Article{Fra14,
  Title                    = {{Jets and Outflows From Star to Cloud: Observations Confront Theory}},
  Author                   = {{Frank}, A. and {Ray}, T.~P. and {Cabrit}, S. and {Hartigan}, P. and {Arce}, H.~G. and {Bacciotti}, F. and {Bally}, J. and {Benisty}, M. and {Eisl{\"o}ffel}, J. and {G{\"u}del}, M. and {Lebedev}, S. and {Nisini}, B. and {Raga}, A.},
  Journal                  = {Protostars and Planets VI, University of Arizona Press (2014), eds. H. Beuther, R. Klessen, C. Dullemond, Th. Henning},
  Year                     = {2014},
  Month                    = feb,
  Adsnote                  = {Provided by the SAO/NASA Astrophysics Data System},
  Adsurl                   = {http://adsabs.harvard.edu/abs/2014arXiv1402.3553F},
  Archiveprefix            = {arXiv},
  Eprint                   = {1402.3553},
  Keywords                 = {Astrophysics - Solar and Stellar Astrophysics},
  Primaryclass             = {astro-ph.SR}
}

@Article{Fra19,
  Title                    = {{Identifying Variability in Deeply Embedded Protostars with ALMA and CARMA}},
  Author                   = {{Francis}, Logan and {Johnstone}, Doug and {Dunham}, Michael M. and {Hunter}, Todd R. and {Mairs}, Steve},
  Journal                  = {\apj},
  Year                     = {2019},
  Month                    = {Feb},
  Number                   = {2},
  Pages                    = {149},
  Volume                   = {871},
  Adsnote                  = {Provided by the SAO/NASA Astrophysics Data System},
  Adsurl                   = {https://ui.adsabs.harvard.edu/abs/2019ApJ...871..149F},
  Archiveprefix            = {arXiv},
  DOI                      = {10.3847/1538-4357/aaf972},
  Eid                      = {149},
  Eprint                   = {1902.00588},
  Keywords                 = {accretion, accretion disks, methods: data analysis, stars: formation, stars: protostars, stars: variables: T Tauri, Herbig Ae/Be, submillimeter: ISM, techniques: interferometric, Astrophysics - Solar and Stellar Astrophysics, Astrophysics - Astrophysics of Galaxies},
  Primaryclass             = {astro-ph.SR}
}

@Article{Fue93,
  Title                    = {{A chemical study of the photodissociation region NGC 7023.}},
  Author                   = {{Fuente}, A. and {Martin-Pintado}, J. and {Cernicharo}, J. and {Bachiller}, R.},
  Journal                  = {\aap},
  Year                     = {1993},
  Month                    = {Sep},
  Pages                    = {473-488},
  Volume                   = {276},
  Adsnote                  = {Provided by the SAO/NASA Astrophysics Data System},
  Adsurl                   = {https://ui.adsabs.harvard.edu/abs/1993A&A...276..473F},
  Keywords                 = {interstellar medium, abundances, molecules, reflection nebulae, stars, individual, HD2OO775, ISM, individual objects, NGC 7023, radio lines, interstellar}
}

@Article{Fue95,
  Title                    = {{High-Density CN Filaments in NGC 2023}},
  Author                   = {{Fuente}, A. and {Martin-Pintado}, J. and {Gaume}, R.},
  Journal                  = {\apjl},
  Year                     = {1995},
  Month                    = {Mar},
  Pages                    = {L33},
  Volume                   = {442},
  Adsnote                  = {Provided by the SAO/NASA Astrophysics Data System},
  Adsurl                   = {https://ui.adsabs.harvard.edu/abs/1995ApJ...442L..33F},
  DOI                      = {10.1086/187809},
  Keywords                 = {Abundance, Cyanides, Interstellar Matter, Molecular Clouds, Reflection Nebulae, Sulfates, Angular Resolution, Hydrogen, Photodissociation, Spatial Distribution, Star Formation, Ultraviolet Radiation, Astronomy, STARS: INDIVIDUAL HENRY DRAPER NUMBER: HD 37903, ISM: ABUNDANCES, ISM: INDIVIDUAL NGC NUMBER: NGC 2023, STARS: EARLY-TYPE}
}

@Article{Ger16,
  Title                    = {{Interstellar Hydrides}},
  Author                   = {{Gerin}, Maryvonne and {Neufeld}, David A. and {Goicoechea}, Javier R.},
  Journal                  = {\araa},
  Year                     = {2016},
  Month                    = {Sep},
  Pages                    = {181-225},
  Volume                   = {54},
  Adsnote                  = {Provided by the SAO/NASA Astrophysics Data System},
  Adsurl                   = {https://ui.adsabs.harvard.edu/abs/2016ARA&A..54..181G},
  Archiveprefix            = {arXiv},
  DOI                      = {10.1146/annurev-astro-081915-023409},
  Eprint                   = {1601.02985},
  Keywords                 = {Astrophysics - Astrophysics of Galaxies},
  Primaryclass             = {astro-ph.GA}
}

@Article{Goi12,
  Title                    = {{The complete far-infrared and submillimeter spectrum of the Class 0 protostar Serpens SMM1 obtained with Herschel. Characterizing UV-irradiated shocks heating and chemistry}},
  Author                   = {{Goicoechea}, J.~R. and {Cernicharo}, J. and {Karska}, A. and {Herczeg}, G.~J. and {Polehampton}, E.~T. and {Wampfler}, S.~F. and {Kristensen}, L.~E. and {van Dishoeck}, E.~F. and {Etxaluze}, M. and {Bern{\'e}}, O. and {Visser}, R.},
  Journal                  = {\aap},
  Year                     = {2012},
  Month                    = dec,
  Pages                    = {A77},
  Volume                   = {548},
  Adsnote                  = {Provided by the SAO/NASA Astrophysics Data System},
  Adsurl                   = {http://adsabs.harvard.edu/abs/2012A%26A...548A..77G},
  Archiveprefix            = {arXiv},
  DOI                      = {10.1051/0004-6361/201219912},
  Eid                      = {A77},
  Eprint                   = {1209.3966},
  Keywords                 = {stars: protostars, ISM: jets and outflows, infrared: ISM, shock waves},
  Primaryclass             = {astro-ph.GA}
}

@Article{Gol84,
  Title                    = {{Bipolar outflows in dark clouds.}},
  Author                   = {{Goldsmith}, P.~F. and {Snell}, R.~L. and {Hemeon-Heyer}, M. and {Langer}, W.~D.},
  Journal                  = {\apj},
  Year                     = {1984},
  Month                    = {Nov},
  Pages                    = {599-608},
  Volume                   = {286},
  Adsnote                  = {Provided by the SAO/NASA Astrophysics Data System},
  Adsurl                   = {https://ui.adsabs.harvard.edu/abs/1984ApJ...286..599G},
  DOI                      = {10.1086/162635},
  Keywords                 = {Interstellar Gas, Molecular Clouds, Nebulae, Stellar Mass Ejection, Stellar Winds, Astronomical Maps, Carbon Monoxide, Early Stars, Molecular Spectra, Stellar Evolution, Astrophysics}
}

@Article{Gri10,
  Title                    = {{The Herschel-SPIRE instrument and its in-flight performance}},
  Author                   = {{Griffin}, M.~J. and {Abergel}, A. and {Abreu}, A. and {Ade}, P.~A.~R. and {Andr{\'e}}, P. and {Augueres}, J. -L. and {Babbedge}, T. and {Bae}, Y. and {Baillie}, T. and {Baluteau}, J. -P. and {Barlow}, M.~J. and {Bendo}, G. and {Benielli}, D. and {Bock}, J.~J. and {Bonhomme}, P. and {Brisbin}, D. and {Brockley-Blatt}, C. and {Caldwell}, M. and {Cara}, C. and {Castro-Rodriguez}, N. and {Cerulli}, R. and {Chanial}, P. and {Chen}, S. and {Clark}, E. and {Clements}, D.~L. and {Clerc}, L. and {Coker}, J. and {Communal}, D. and {Conversi}, L. and {Cox}, P. and {Crumb}, D. and {Cunningham}, C. and {Daly}, F. and {Davis}, G.~R. and {de Antoni}, P. and {Delderfield}, J. and {Devin}, N. and {di Giorgio}, A. and {Didschuns}, I. and {Dohlen}, K. and {Donati}, M. and {Dowell}, A. and {Dowell}, C.~D. and {Duband}, L. and {Dumaye}, L. and {Emery}, R.~J. and {Ferlet}, M. and {Ferrand}, D. and {Fontignie}, J. and {Fox}, M. and {Franceschini}, A. and {Frerking}, M. and {Fulton}, T. and {Garcia}, J. and {Gastaud}, R. and {Gear}, W.~K. and {Glenn}, J. and {Goizel}, A. and {Griffin}, D.~K. and {Grundy}, T. and {Guest}, S. and {Guillemet}, L. and {Hargrave}, P.~C. and {Harwit}, M. and {Hastings}, P. and {Hatziminaoglou}, E. and {Herman}, M. and {Hinde}, B. and {Hristov}, V. and {Huang}, M. and {Imhof}, P. and {Isaak}, K.~J. and {Israelsson}, U. and {Ivison}, R.~J. and {Jennings}, D. and {Kiernan}, B. and {King}, K.~J. and {Lange}, A.~E. and {Latter}, W. and {Laurent}, G. and {Laurent}, P. and {Leeks}, S.~J. and {Lellouch}, E. and {Levenson}, L. and {Li}, B. and {Li}, J. and {Lilienthal}, J. and {Lim}, T. and {Liu}, S.~J. and {Lu}, N. and {Madden}, S. and {Mainetti}, G. and {Marliani}, P. and {McKay}, D. and {Mercier}, K. and {Molinari}, S. and {Morris}, H. and {Moseley}, H. and {Mulder}, J. and {Mur}, M. and {Naylor}, D.~A. and {Nguyen}, H. and {O'Halloran}, B. and {Oliver}, S. and {Olofsson}, G. and {Olofsson}, H. -G. and {Orfei}, R. and {Page}, M.~J. and {Pain}, I. and {Panuzzo}, P. and {Papageorgiou}, A. and {Parks}, G. and {Parr-Burman}, P. and {Pearce}, A. and {Pearson}, C. and {P{\'e}rez-Fournon}, I. and {Pinsard}, F. and {Pisano}, G. and {Podosek}, J. and {Pohlen}, M. and {Polehampton}, E.~T. and {Pouliquen}, D. and {Rigopoulou}, D. and {Rizzo}, D. and {Roseboom}, I.~G. and {Roussel}, H. and {Rowan-Robinson}, M. and {Rownd}, B. and {Saraceno}, P. and {Sauvage}, M. and {Savage}, R. and {Savini}, G. and {Sawyer}, E. and {Scharmberg}, C. and {Schmitt}, D. and {Schneider}, N. and {Schulz}, B. and {Schwartz}, A. and {Shafer}, R. and {Shupe}, D.~L. and {Sibthorpe}, B. and {Sidher}, S. and {Smith}, A. and {Smith}, A.~J. and {Smith}, D. and {Spencer}, L. and {Stobie}, B. and {Sudiwala}, R. and {Sukhatme}, K. and {Surace}, C. and {Stevens}, J.~A. and {Swinyard}, B.~M. and {Trichas}, M. and {Tourette}, T. and {Triou}, H. and {Tseng}, S. and {Tucker}, C. and {Turner}, A. and {Vaccari}, M. and {Valtchanov}, I. and {Vigroux}, L. and {Virique}, E. and {Voellmer}, G. and {Walker}, H. and {Ward}, R. and {Waskett}, T. and {Weilert}, M. and {Wesson}, R. and {White}, G.~J. and {Whitehouse}, N. and {Wilson}, C.~D. and {Winter}, B. and {Woodcraft}, A.~L. and {Wright}, G.~S. and {Xu}, C.~K. and {Zavagno}, A. and {Zemcov}, M. and {Zhang}, L. and {Zonca}, E.},
  Journal                  = {\aap},
  Year                     = {2010},
  Month                    = {Jul},
  Pages                    = {L3},
  Volume                   = {518},
  Adsnote                  = {Provided by the SAO/NASA Astrophysics Data System},
  Adsurl                   = {https://ui.adsabs.harvard.edu/abs/2010A&A...518L...3G},
  Archiveprefix            = {arXiv},
  DOI                      = {10.1051/0004-6361/201014519},
  Eid                      = {L3},
  Eprint                   = {1005.5123},
  Keywords                 = {instrumentation: photometers, instrumentation: spectrographs, space vehicles: instruments, submillimeter: general, Astrophysics - Instrumentation and Methods for Astrophysics},
  Primaryclass             = {astro-ph.IM}
}

@Article{Gre13,
  Title                    = {{Embedded Protostars in the Dust, Ice, and Gas In Time (DIGIT) Herschel Key Program: Continuum SEDs, and an Inventory of Characteristic Far-infrared Lines from PACS Spectroscopy}},
  Author                   = {{Green}, J.~D. and {Evans}, II, N.~J. and {J{\o}rgensen}, J.~K. and {Herczeg}, G.~J. and {Kristensen}, L.~E. and {Lee}, J.-E. and {Dionatos}, O. and {Yildiz}, U.~A. and {Salyk}, C. and {Meeus}, G. and {Bouwman}, J. and {Visser}, R. and {Bergin}, E.~A. and {van Dishoeck}, E.~F. and {Rascati}, M.~R. and {Karska}, A. and {van Kempen}, T.~A. and {Dunham}, M.~M. and {Lindberg}, J.~E. and {Fedele}, D. and {DIGIT Team}},
  Journal                  = {\apj},
  Year                     = {2013},
  Month                    = jun,
  Pages                    = {123},
  Volume                   = {770},
  Adsnote                  = {Provided by the SAO/NASA Astrophysics Data System},
  Adsurl                   = {http://adsabs.harvard.edu/abs/2013ApJ...770..123G},
  Archiveprefix            = {arXiv},
  DOI                      = {10.1088/0004-637X/770/2/123},
  Eid                      = {123},
  Eprint                   = {1304.7389},
  Keywords                 = {circumstellar matter, stars: formation, stars: pre-main sequence, stars: winds, outflows, submillimeter: stars },
  Primaryclass             = {astro-ph.GA}
}

@Article{Gre16,
  Title                    = {{The CDF Archive: Herschel PACS and SPIRE Spectroscopic Data Pipeline and Products for Protostars and Young Stellar Objects}},
  Author                   = {{Green}, Joel D. and {Yang}, Yao-Lun and {Evans}, Neal J., II and {Karska}, Agata and {Herczeg}, Gregory and {van Dishoeck}, Ewine F. and {Lee}, Jeong-Eun and {Larson}, Rebecca L. and {Bouwman}, Jeroen},
  Journal                  = {\aj},
  Year                     = {2016},
  Month                    = {Mar},
  Number                   = {3},
  Pages                    = {75},
  Volume                   = {151},
  Adsnote                  = {Provided by the SAO/NASA Astrophysics Data System},
  Adsurl                   = {https://ui.adsabs.harvard.edu/abs/2016AJ....151...75G},
  Archiveprefix            = {arXiv},
  DOI                      = {10.3847/0004-6256/151/3/75},
  Eid                      = {75},
  Eprint                   = {1601.05028},
  Keywords                 = {infrared: stars, stars: formation, submillimeter: ISM, submillimeter: stars, surveys, techniques: imaging spectroscopy, Astrophysics - Instrumentation and Methods for Astrophysics, Astrophysics - Astrophysics of Galaxies, Astrophysics - Solar and Stellar Astrophysics},
  Primaryclass             = {astro-ph.IM}
}


@INBOOK{Gus08,
       author = {{G{\"u}sten}, R. and {Baryshev}, A. and {Bell}, A. and {Belloche}, A. and
         {Graf}, U. and {Hafok}, H. and {Heyminck}, S. and {Hochg{\"u}rtel}, S. and
         {Honingh}, C.~E. and {Jacobs}, K. and {Kasemann}, C. and {Klein}, B. and
         {Klein}, T. and {Korn}, A. and {Kr{\"a}mer}, I. and {Leinz}, C. and
         {Lundgren}, A. and {Menten}, K.~M. and {Meyer}, K. and {Muders}, D. and
         {Pacek}, F. and {Rabanus}, D. and {Sch{\"a}fer}, F. and {Schilke}, P. and
         {Schneider}, G. and {Stutzki}, J. and {Wieching}, G. and {Wunsch}, A. and
         {Wyrowski}, F.},
        title = "{Submillimeter heterodyne arrays for APEX}",
    booktitle = {Millimeter and Submillimeter Detectors and Instrumentation for Astronomy IV.  Edited by Duncan, William D.; Holland, Wayne S.; Withington, Stafford; Zmuidzinas, Jonas.  Proceedings of the SPIE, Volume 7020, article id. 702010, 12 pp. (2008).},
         year = "2008",
       volume = {7020},
       series = {Society of Photo-Optical Instrumentation Engineers (SPIE) Conference Series},
          eid = {702010},
        pages = {702010},
          doi = {10.1117/12.788271},
       adsurl = {https://ui.adsabs.harvard.edu/abs/2008SPIE.7020E..10G},
      adsnote = {Provided by the SAO/NASA Astrophysics Data System}
}


@Article{Han15,
  Title                    = {{Combination of CN(1-0), HCN(1-0), and HNC(1-0): A possible indicator for a high-mass star formation sequence in the Milky Way}},
  Author                   = {{Han}, X.~H. and {Zhou}, J.~J. and {Wang}, J.~Z. and {Esimbek}, J. and {Zhang}, J.~S. and {Wang}, N.},
  Journal                  = {Astronomy and Astrophysics},
  Year                     = {2015},
  Month                    = {Apr},
  Pages                    = {A131},
  Volume                   = {576},
  Adsnote                  = {Provided by the SAO/NASA Astrophysics Data System},
  Adsurl                   = {https://ui.adsabs.harvard.edu/abs/2015A&A...576A.131H},
  DOI                      = {10.1051/0004-6361/201423791},
  Eid                      = {A131},
  Keywords                 = {ISM: clouds, ISM: molecules}
}


@Article{Har15,
  Title                    = {{Testing protostellar disk formation models with ALMA observations}},
  Author                   = {{Harsono}, D. and {van Dishoeck}, E.~F. and {Bruderer}, S. and {Li}, Z. -Y. and {J{\o}rgensen}, J.~K.},
  Journal                  = {\aap},
  Year                     = {2015},
  Month                    = {May},
  Pages                    = {A22},
  Volume                   = {577},
  Adsnote                  = {Provided by the SAO/NASA Astrophysics Data System},
  Adsurl                   = {https://ui.adsabs.harvard.edu/abs/2015A&A...577A..22H},
  Archiveprefix            = {arXiv},
  DOI                      = {10.1051/0004-6361/201424550},
  Eid                      = {A22},
  Eprint                   = {1501.01417},
  Keywords                 = {stars: formation, accretion, accretion disks, radiative transfer, line: profiles, magnetohydrodynamics (MHD), methods: numerical, Astrophysics - Solar and Stellar Astrophysics},
  Primaryclass             = {astro-ph.SR}
}

@Article{Har07,
  Title                    = {{The Spitzer c2d Survey of Large, Nearby, Interstellar Clouds. IX. The Serpens YSO Population as Observed with IRAC and MIPS}},
  Author                   = {{Harvey}, Paul and {Mer{\'\i}n}, Bruno and {Huard}, Tracy L. and {Rebull}, Luisa M. and {Chapman}, Nicholas and {Evans}, Neal J., II and {Myers}, Philip C.},
  Journal                  = {\apj},
  Year                     = {2007},
  Month                    = {Jul},
  Number                   = {2},
  Pages                    = {1149-1173},
  Volume                   = {663},
  Adsnote                  = {Provided by the SAO/NASA Astrophysics Data System},
  Adsurl                   = {https://ui.adsabs.harvard.edu/abs/2007ApJ...663.1149H},
  Archiveprefix            = {arXiv},
  DOI                      = {10.1086/518646},
  Eprint                   = {0704.0009},
  Keywords                 = {Infrared: General, Astrophysics},
  Primaryclass             = {astro-ph}
}

@Article{Her12,
  Title                    = {{Water in star-forming regions with Herschel: highly excited molecular emission from the NGC 1333 IRAS 4B outflow}},
  Author                   = {{Herczeg}, G.~J. and {Karska}, A. and {Bruderer}, S. and {Kristensen}, L.~E. and {van Dishoeck}, E.~F. and {J{\o}rgensen}, J.~K. and {Visser}, R. and {Wampfler}, S.~F. and {Bergin}, E.~A. and {Y{\i}ld{\i}z}, U.~A. and {Pontoppidan}, K.~M. and {Gracia-Carpio}, J.},
  Journal                  = {\aap},
  Year                     = {2012},
  Month                    = apr,
  Pages                    = {A84},
  Volume                   = {540},
  Adsnote                  = {Provided by the SAO/NASA Astrophysics Data System},
  Adsurl                   = {http://adsabs.harvard.edu/abs/2012A%26A...540A..84H},
  Archiveprefix            = {arXiv},
  DOI                      = {10.1051/0004-6361/201117914},
  Eid                      = {A84},
  Eprint                   = {1111.0774},
  Keywords                 = {infrared: ISM, ISM: jets and outflows, stars: protostars, molecular processes, stars: individual: NGC 1333 IRAS 4B},
  Primaryclass             = {astro-ph.GA}
}

@Article{Hea17,
  Title                    = {{Photodissociation and photoionisation of atoms and molecules of astrophysical interest}},
  Author                   = {{Heays}, A.~N. and {Bosman}, A.~D. and {van Dishoeck}, E.~F.},
  Journal                  = {\aap},
  Year                     = {2017},
  Month                    = {Jun},
  Pages                    = {A105},
  Volume                   = {602},
  Adsnote                  = {Provided by the SAO/NASA Astrophysics Data System},
  Adsurl                   = {https://ui.adsabs.harvard.edu/abs/2017A&A...602A.105H},
  Archiveprefix            = {arXiv},
  DOI                      = {10.1051/0004-6361/201628742},
  Eid                      = {A105},
  Eprint                   = {1701.04459},
  Keywords                 = {photon-dominated region (PDR), cosmic rays, dust, extinction, ISM: molecules, molecular data, atomic data, Astrophysics - Solar and Stellar Astrophysics, Astrophysics - Astrophysics of Galaxies},
  Primaryclass             = {astro-ph.SR}
}

@Article{Hog99,
  Title                    = {{Envelope Structure of Deeply Embedded Young Stellar Objects in the Serpens Molecular Cloud}},
  Author                   = {{Hogerheijde}, Michiel R. and {van Dishoeck}, Ewine F. and {Salverda}, Jante M. and {Blake}, Geoffrey A.},
  Journal                  = {\apj},
  Year                     = {1999},
  Month                    = {Mar},
  Number                   = {1},
  Pages                    = {350-369},
  Volume                   = {513},
  Adsnote                  = {Provided by the SAO/NASA Astrophysics Data System},
  Adsurl                   = {https://ui.adsabs.harvard.edu/abs/1999ApJ...513..350H},
  Archiveprefix            = {arXiv},
  DOI                      = {10.1086/306844},
  Eprint                   = {astro-ph/9810047},
  Keywords                 = {ISM: INDIVIDUAL: NAME: SERPENS DARK CLOUD, ISM: MOLECULES, STARS: FORMATION, STARS: LOW-MASS, BROWN DWARFS, STARS: PRE-MAIN-SEQUENCE, ISM: Individual: Name: Serpens Dark Cloud, ISM: Molecules, Stars: Formation, Stars: Low-Mass, Brown Dwarfs, Stars: Pre-Main-Sequence, Astrophysics},
  Primaryclass             = {astro-ph}
}

@Article{Hul17,
  Title                    = {{ALMA Observations of Dust Polarization and Molecular Line Emission from the Class 0 Protostellar Source Serpens SMM1}},
  Author                   = {{Hull}, Charles L.~H. and {Girart}, Josep M. and {Tychoniec}, {\L}ukasz and {Rao}, Ramprasad and {Cort{\'e}s}, Paulo C. and {Pokhrel}, Riwaj and {Zhang}, Qizhou and {Houde}, Martin and {Dunham}, Michael M. and {Kristensen}, Lars E. and {Lai}, Shih-Ping and {Li}, Zhi-Yun and {Plambeck}, Richard L.},
  Journal                  = {\apj},
  Year                     = {2017},
  Month                    = {Oct},
  Number                   = {2},
  Pages                    = {92},
  Volume                   = {847},
  Adsnote                  = {Provided by the SAO/NASA Astrophysics Data System},
  Adsurl                   = {https://ui.adsabs.harvard.edu/abs/2017ApJ...847...92H},
  Archiveprefix            = {arXiv},
  DOI                      = {10.3847/1538-4357/aa7fe9},
  Eid                      = {92},
  Eprint                   = {1707.03827},
  Keywords                 = {ISM: jets and outflows, ISM: magnetic fields, polarization, stars: formation, stars: magnetic field, stars: protostars, Astrophysics - Astrophysics of Galaxies, Astrophysics - Solar and Stellar Astrophysics},
  Primaryclass             = {astro-ph.GA}
}

@Article{Hur96,
  Title                    = {{A Cluster of Class 0 Protostars in Serpens: an IRAS HIRES Study}},
  Author                   = {{Hurt}, Robert L. and {Barsony}, Mary},
  Journal                  = {\apjl},
  Year                     = {1996},
  Month                    = {Mar},
  Pages                    = {L45},
  Volume                   = {460},
  Adsnote                  = {Provided by the SAO/NASA Astrophysics Data System},
  Adsurl                   = {https://ui.adsabs.harvard.edu/abs/1996ApJ...460L..45H},
  DOI                      = {10.1086/309969},
  Keywords                 = {STARS: CIRCUMSTELLAR MATTER, STARS: PRE-MAIN-SEQUENCE, INFRARED: ISM: CONTINUUM, ISM: JETS AND OUTFLOWS, TECHNIQUES: IMAGE PROCESSING}
}

@PhdThesis{Jan95,
  Title                    = {The physical and chemical structure of warm and dense clouds},
  Author                   = {Jansen, D. J.},
  School                   = {Univsersity of Leiden},
  Year                     = {1995}
}

@Article{Jor04,
  Title                    = {{Imaging chemical differentiation around the low-mass protostar L483-mm}},
  Author                   = {{J{\o}rgensen}, J.~K.},
  Journal                  = {\aap},
  Year                     = {2004},
  Month                    = {Sep},
  Pages                    = {589-601},
  Volume                   = {424},
  Adsnote                  = {Provided by the SAO/NASA Astrophysics Data System},
  Adsurl                   = {https://ui.adsabs.harvard.edu/abs/2004A&A...424..589J},
  Archiveprefix            = {arXiv},
  DOI                      = {10.1051/0004-6361:20040247},
  Eprint                   = {astro-ph/0405385},
  Keywords                 = {ISM: individual objects: L483-mm, stars: formation, ISM: molecules, ISM: abundances, astrochemistry, Astrophysics},
  Primaryclass             = {astro-ph}
}

@Article{Kar13,
  Title                    = {{Water in star-forming regions with Herschel (WISH). III. Far-infrared cooling lines in low-mass young stellar objects}},
  Author                   = {{Karska}, A. and {Herczeg}, G.~J. and {van Dishoeck}, E.~F. and {Wampfler}, S.~F. and {Kristensen}, L.~E. and {Goicoechea}, J.~R. and {Visser}, R. and {Nisini}, B. and {San Jos{\'e}-Garc{\'{\i}}a}, I. and {Bruderer}, S. and {{\'S}niady}, P. and {Doty}, S. and {Fedele}, D. and {Y{\i}ld{\i}z}, U.~A. and {Benz}, A.~O. and {Bergin}, E. and {Caselli}, P. and {Herpin}, F. and {Hogerheijde}, M.~R. and {Johnstone}, D. and {J{\o}rgensen}, J.~K. and {Liseau}, R. and {Tafalla}, M. and {van der Tak}, F. and {Wyrowski}, F.},
  Journal                  = {\aap},
  Year                     = {2013},
  Month                    = apr,
  Pages                    = {A141},
  Volume                   = {552},
  Adsnote                  = {Provided by the SAO/NASA Astrophysics Data System},
  Adsurl                   = {http://adsabs.harvard.edu/abs/2013A%26A...552A.141K},
  Archiveprefix            = {arXiv},
  DOI                      = {10.1051/0004-6361/201220028},
  Eid                      = {A141},
  Eprint                   = {1301.4821},
  Keywords                 = {ISM, ISM: jets and outflows, stars: protostars, molecular processes, astrochemistry},
  Primaryclass             = {astro-ph.SR}
}

@Article{Kaa04,
  Title                    = {{The young stellar population in the Serpens Cloud Core: An ISOCAM survey}},
  Author                   = {{Kaas}, A.~A. and {Olofsson}, G. and {Bontemps}, S. and {Andr{\'e}}, P. and {Nordh}, L. and {Huldtgren}, M. and {Prusti}, T. and {Persi}, P. and {Delgado}, A.~J. and {Motte}, F. and {Abergel}, A. and {Boulanger}, F. and {Burgdorf}, M. and {Casali}, M.~M. and {Cesarsky}, C.~J. and {Davies}, J. and {Falgarone}, E. and {Montmerle}, T. and {Perault}, M. and {Puget}, J.~L. and {Sibille}, F.},
  Journal                  = {\aap},
  Year                     = {2004},
  Month                    = jul,
  Pages                    = {623-642},
  Volume                   = {421},
  Adsnote                  = {Provided by the SAO/NASA Astrophysics Data System},
  Adsurl                   = {http://adsabs.harvard.edu/abs/2004A%26A...421..623K},
  DOI                      = {10.1051/0004-6361:20035775},
  Eprint                   = {astro-ph/0404439},
  Keywords                 = {stars: formation, stars: pre-main-sequence, stars: luminosity function, mass function, stars: low-mass, brown dwarfs, ISM: individual objects: Serpens Cloud Core}
}

@Article{Kar13,
  Title                    = {{Water in star-forming regions with Herschel (WISH). III. Far-infrared cooling lines in low-mass young stellar objects}},
  Author                   = {{Karska}, A. and {Herczeg}, G.~J. and {van Dishoeck}, E.~F. and {Wampfler}, S.~F. and {Kristensen}, L.~E. and {Goicoechea}, J.~R. and {Visser}, R. and {Nisini}, B. and {San Jos{\'e}-Garc{\'\i}a}, I. and {Bruderer}, S. and {{\'S}niady}, P. and {Doty}, S. and {Fedele}, D. and {Y{\i}ld{\i}z}, U.~A. and {Benz}, A.~O. and {Bergin}, E. and {Caselli}, P. and {Herpin}, F. and {Hogerheijde}, M.~R. and {Johnstone}, D. and {J{\o}rgensen}, J.~K. and {Liseau}, R. and {Tafalla}, M. and {van der Tak}, F. and {Wyrowski}, F.},
  Journal                  = {\aap},
  Year                     = {2013},
  Month                    = {Apr},
  Pages                    = {A141},
  Volume                   = {552},
  Adsnote                  = {Provided by the SAO/NASA Astrophysics Data System},
  Adsurl                   = {https://ui.adsabs.harvard.edu/abs/2013A&A...552A.141K},
  Archiveprefix            = {arXiv},
  DOI                      = {10.1051/0004-6361/201220028},
  Eid                      = {A141},
  Eprint                   = {1301.4821},
  Keywords                 = {ISM, ISM: jets and outflows, stars: protostars, molecular processes, astrochemistry, Astrophysics - Solar and Stellar Astrophysics, Astrophysics - Astrophysics of Galaxies},
  Primaryclass             = {astro-ph.SR}
}

@Article{Kar14,
  Title                    = {{Shockingly low water abundances in Herschel/PACS observations of low-mass protostars in Perseus}},
  Author                   = {{Karska}, A. and {Kristensen}, L.~E. and {van Dishoeck}, E.~F. and {Drozdovskaya}, M.~N. and {Mottram}, J.~C. and {Herczeg}, G.~J. and {Bruderer}, S. and {Cabrit}, S. and {Evans}, N.~J. and {Fedele}, D. and {Gusdorf}, A. and {J{\o}rgensen}, J.~K. and {Kaufman}, M.~J. and {Melnick}, G.~J. and {Neufeld}, D.~A. and {Nisini}, B. and {Santangelo}, G. and {Tafalla}, M. and {Wampfler}, S.~F.},
  Journal                  = {\aap},
  Year                     = {2014},
  Month                    = {Dec},
  Pages                    = {A9},
  Volume                   = {572},
  Adsnote                  = {Provided by the SAO/NASA Astrophysics Data System},
  Adsurl                   = {https://ui.adsabs.harvard.edu/abs/2014A&A...572A...9K},
  Archiveprefix            = {arXiv},
  DOI                      = {10.1051/0004-6361/201424166},
  Eid                      = {A9},
  Eprint                   = {1409.4658},
  Keywords                 = {astrochemistry, stars: formation, ISM: jets and outflows, Astrophysics - Solar and Stellar Astrophysics},
  Primaryclass             = {astro-ph.SR}
}

@Article{Kar18,
  Title                    = {{The Herschel-PACS Legacy of Low-mass Protostars: The Properties of Warm and Hot Gas Components and Their Origin in Far-UV Illuminated Shocks}},
  Author                   = {{Karska}, Agata and {Kaufman}, Michael J. and {Kristensen}, Lars E. and {van Dishoeck}, Ewine F. and {Herczeg}, Gregory J. and {Mottram}, Joseph C. and {Tychoniec}, {\L}ukasz and {Lindberg}, Johan E. and {Evans}, Neal J., II and {Green}, Joel D. and {Yang}, Yao-Lun and {Gusdorf}, Antoine and {Itrich}, Dominika and {Si{\'o}dmiak}, Natasza},
  Journal                  = {\apjs},
  Year                     = {2018},
  Month                    = {Apr},
  Number                   = {2},
  Pages                    = {30},
  Volume                   = {235},
  Adsnote                  = {Provided by the SAO/NASA Astrophysics Data System},
  Adsurl                   = {https://ui.adsabs.harvard.edu/abs/2018ApJS..235...30K},
  Archiveprefix            = {arXiv},
  DOI                      = {10.3847/1538-4365/aaaec5},
  Eid                      = {30},
  Eprint                   = {1802.03379},
  Keywords                 = {infrared: ISM, ISM: jets and outflows, ISM: molecules, Astrophysics - Solar and Stellar Astrophysics, Astrophysics - Astrophysics of Galaxies},
  Primaryclass             = {astro-ph.SR}
}

@INBOOK{Kas06,
       author = {{Kasemann}, C. and {G{\"u}sten}, R. and {Heyminck}, S. and {Klein}, B. and
         {Klein}, T. and {Philipp}, S.~D. and {Korn}, A. and {Schneider}, G. and
         {Henseler}, A. and {Baryshev}, A. and {Klapwijk}, T.~M.},
        title = "{CHAMP $^{+}$: a powerful array receiver for APEX}",
    booktitle = {Millimeter and Submillimeter Detectors and Instrumentation for Astronomy III.  Edited by Zmuidzinas, Jonas; Holland, Wayne S.; Withington, Stafford; Duncan, William D..  Proceedings of the SPIE, Volume 6275, id. 62750N (2006).},
         year = "2006",
       volume = {6275},
       series = {Society of Photo-Optical Instrumentation Engineers (SPIE) Conference Series},
          eid = {62750N},
        pages = {62750N},
          doi = {10.1117/12.670810},
       adsurl = {https://ui.adsabs.harvard.edu/abs/2006SPIE.6275E..0NK},
      adsnote = {Provided by the SAO/NASA Astrophysics Data System}
}

@ARTICLE{Kle06,
       author = {{Klein}, B. and {Philipp}, S.~D. and {Kr{\"a}mer}, I. and
         {Kasemann}, C. and {G{\"u}sten}, R. and {Menten}, K.~M.},
        title = "{The APEX digital Fast Fourier Transform Spectrometer}",
      journal = {\aap},
     keywords = {instrumentation: spectrographs, techniques: spectroscopic},
         year = "2006",
        month = "Aug",
       volume = {454},
       number = {2},
        pages = {L29-L32},
          doi = {10.1051/0004-6361:20065415},
       adsurl = {https://ui.adsabs.harvard.edu/abs/2006A&A...454L..29K},
      adsnote = {Provided by the SAO/NASA Astrophysics Data System}
}

@ARTICLE{Kri03,
       author = {{Kristensen}, L.~E. and {Gustafsson}, M. and {Field}, D. and
         {Callejo}, G. and {Lemaire}, J.~L. and {Vannier}, L. and
         {Pineau des For{\^e}ts}, G.},
        title = "{H$_{2}$ excitation imaging of the Orion Molecular Cloud}",
      journal = {\aap},
     keywords = {ISM: individual objects: OMC1, ISM: kinematics and dynamics, ISM: molecules, shock waves, ISM: lines and bands},
         year = "2003",
        month = "Dec",
       volume = {412},
        pages = {727-734},
          doi = {10.1051/0004-6361:20031276},
       adsurl = {https://ui.adsabs.harvard.edu/abs/2003A&A...412..727K},
      adsnote = {Provided by the SAO/NASA Astrophysics Data System}
}


@Article{Kri10,
  Title                    = {{Methanol maps of low-mass protostellar systems. I. The Serpens molecular core}},
  Author                   = {{Kristensen}, L.~E. and {van Dishoeck}, E.~F. and {van Kempen}, T.~A. and {Cuppen}, H.~M. and {Brinch}, C. and {J{\o}rgensen}, J.~K. and {Hogerheijde}, M.~R.},
  Journal                  = {\aap},
  Year                     = {2010},
  Month                    = {Jun},
  Pages                    = {A57},
  Volume                   = {516},
  Adsnote                  = {Provided by the SAO/NASA Astrophysics Data System},
  Adsurl                   = {https://ui.adsabs.harvard.edu/abs/2010A&A...516A..57K},
  Archiveprefix            = {arXiv},
  DOI                      = {10.1051/0004-6361/201014182},
  Eid                      = {A57},
  Eprint                   = {1004.2217},
  Keywords                 = {ISM: abundances, ISM: molecules, stars: formation, ISM: individual objects: Serpens, Astrophysics - Solar and Stellar Astrophysics},
  Primaryclass             = {astro-ph.SR}
}

@Article{Kri13,
  Title                    = {{Observational evidence for dissociative shocks in the inner 100 AU of low-mass protostars using Herschel-HIFI}},
  Author                   = {{Kristensen}, L.~E. and {van Dishoeck}, E.~F. and {Benz}, A.~O. and {Bruderer}, S. and {Visser}, R. and {Wampfler}, S.~F.},
  Journal                  = {\aap},
  Year                     = {2013},
  Month                    = {Sep},
  Pages                    = {A23},
  Volume                   = {557},
  Adsnote                  = {Provided by the SAO/NASA Astrophysics Data System},
  Adsurl                   = {https://ui.adsabs.harvard.edu/abs/2013A&A...557A..23K},
  Archiveprefix            = {arXiv},
  DOI                      = {10.1051/0004-6361/201321619},
  Eid                      = {A23},
  Eprint                   = {1307.1710},
  Keywords                 = {astrochemistry, stars: formation, ISM: molecules, ISM: jets and outflows, Astrophysics - Solar and Stellar Astrophysics},
  Primaryclass             = {astro-ph.SR}
}

@Article{Kri17,
  Title                    = {{Origin of warm and hot gas emission from low-mass protostars: Herschel-HIFI observations of CO J = 16-15. I. Line profiles, physical conditions, and H$_{2}$O abundance}},
  Author                   = {{Kristensen}, L.~E. and {van Dishoeck}, E.~F. and {Mottram}, J.~C. and {Karska}, A. and {Y{\i}ld{\i}z}, U.~A. and {Bergin}, E.~A. and {Bjerkeli}, P. and {Cabrit}, S. and {Doty}, S. and {Evans}, N.~J. and {Gusdorf}, A. and {Harsono}, D. and {Herczeg}, G.~J. and {Johnstone}, D. and {J{\o}rgensen}, J.~K. and {van Kempen}, T.~A. and {Lee}, J. -E. and {Maret}, S. and {Tafalla}, M. and {Visser}, R. and {Wampfler}, S.~F.},
  Journal                  = {\aap},
  Year                     = {2017},
  Month                    = {Sep},
  Pages                    = {A93},
  Volume                   = {605},
  Adsnote                  = {Provided by the SAO/NASA Astrophysics Data System},
  Adsurl                   = {https://ui.adsabs.harvard.edu/abs/2017A&A...605A..93K},
  Archiveprefix            = {arXiv},
  DOI                      = {10.1051/0004-6361/201630127},
  Eid                      = {A93},
  Eprint                   = {1705.10269},
  Keywords                 = {astrochemistry, ISM: jets and outflows, line: profiles, stars: formation, stars: jets, stars: winds, outflows, Astrophysics - Astrophysics of Galaxies, Astrophysics - Solar and Stellar Astrophysics},
  Primaryclass             = {astro-ph.GA}
}

@Article{Kro02,
  Title                    = {{The Initial Mass Function of Stars: Evidence for Uniformity in Variable Systems}},
  Author                   = {{Kroupa}, Pavel},
  Journal                  = {Science},
  Year                     = {2002},
  Month                    = {Jan},
  Number                   = {5552},
  Pages                    = {82-91},
  Volume                   = {295},
  Adsnote                  = {Provided by the SAO/NASA Astrophysics Data System},
  Adsurl                   = {https://ui.adsabs.harvard.edu/abs/2002Sci...295...82K},
  Archiveprefix            = {arXiv},
  DOI                      = {10.1126/science.1067524},
  Eprint                   = {astro-ph/0201098},
  Keywords                 = {ASTRONOMY, Astrophysics},
  Primaryclass             = {astro-ph}
}

@InProceedings{Lad87,
  Title                    = {{Star formation: from OB associations to protostars.}},
  Author                   = {{Lada}, Charles J.},
  Booktitle                = {Star Forming Regions},
  Year                     = {1987},
  Editor                   = {{Peimbert}, Manuel and {Jugaku}, Jun},
  Month                    = {Jan},
  Pages                    = {1},
  Series                   = {IAU Symposium},
  Volume                   = {115},
  Adsnote                  = {Provided by the SAO/NASA Astrophysics Data System},
  Adsurl                   = {https://ui.adsabs.harvard.edu/abs/1987IAUS..115....1L},
  Keywords                 = {B Stars, Binary Stars, O Stars, Protostars, Star Formation, Infrared Spectra, Molecular Clouds, Ophiuchi Clouds, Spectral Energy Distribution, Star Clusters, Stellar Evolution, Astrophysics}
}

@Article{Lar03,
  Title                    = {{The physics of star formation}},
  Author                   = {{Larson}, Richard B.},
  Journal                  = {Reports on Progress in Physics},
  Year                     = {2003},
  Month                    = {Oct},
  Number                   = {10},
  Pages                    = {1651-1697},
  Volume                   = {66},
  Adsnote                  = {Provided by the SAO/NASA Astrophysics Data System},
  Adsurl                   = {https://ui.adsabs.harvard.edu/abs/2003RPPh...66.1651L},
  Archiveprefix            = {arXiv},
  DOI                      = {10.1088/0034-4885/66/10/R03},
  Eprint                   = {astro-ph/0306595},
  Keywords                 = {Astrophysics},
  Primaryclass             = {astro-ph}
}

@Article{Lee14,
  Title                    = {{CARMA Large Area Star Formation Survey: Structure and Kinematics of Dense Gas in Serpens Main}},
  Author                   = {{Lee}, Katherine I. and {Fern{\'a}ndez-L{\'o}pez}, Manuel and {Storm}, Shaye and {Looney}, Leslie W. and {Mundy}, Lee G. and {Segura-Cox}, Dominique and {Teuben}, Peter and {Rosolowsky}, Erik and {Arce}, H{\'e}ctor G. and {Ostriker}, Eve C. and {Shirley}, Yancy L. and {Kwon}, Woojin and {Kauffmann}, Jens and {Tobin}, John J. and {Plunkett}, Adele L. and {Pound}, Marc W. and {Salter}, Demerese M. and {Volgenau}, N.~H. and {Chen}, Che-Yu and {Tassis}, Konstantinos and {Isella}, Andrea and {Crutcher}, Richard M. and {Gammie}, Charles F. and {Testi}, Leonardo},
  Journal                  = {\apj},
  Year                     = {2014},
  Month                    = {Dec},
  Number                   = {2},
  Pages                    = {76},
  Volume                   = {797},
  Adsnote                  = {Provided by the SAO/NASA Astrophysics Data System},
  Adsurl                   = {https://ui.adsabs.harvard.edu/abs/2014ApJ...797...76L},
  Archiveprefix            = {arXiv},
  DOI                      = {10.1088/0004-637X/797/2/76},
  Eid                      = {76},
  Eprint                   = {1410.3514},
  Keywords                 = {ISM: clouds, ISM: kinematics and dynamics, ISM: molecules, ISM: structure, stars: formation, Astrophysics - Astrophysics of Galaxies},
  Primaryclass             = {astro-ph.GA}
}

@ARTICLE{Lou12,
       author = {{Loughnane}, R.~M. and {Redman}, M.~P. and {Thompson}, M.~A. and
         {Lo}, N. and {O'Dwyer}, B. and {Cunningham}, M.~R.},
        title = "{Observations of HCN hyperfine line anomalies towards low- and high-mass star-forming cores}",
      journal = {\mnras},
     keywords = {radiative transfer, ISM: jets and outflows, ISM: kinematics and dynamics, ISM: molecules, submillimetre: ISM, Astrophysics - Solar and Stellar Astrophysics, Astrophysics - Galaxy Astrophysics},
         year = "2012",
        month = "Feb",
       volume = {420},
       number = {2},
        pages = {1367-1383},
          doi = {10.1111/j.1365-2966.2011.20121.x},
archivePrefix = {arXiv},
       eprint = {1305.1303},
 primaryClass = {astro-ph.SR},
       adsurl = {https://ui.adsabs.harvard.edu/abs/2012MNRAS.420.1367L},
      adsnote = {Provided by the SAO/NASA Astrophysics Data System}
}

@Article{Man13,
  Title                    = {{Herschel/PACS Spectroscopic Survey of Protostars in Orion: The Origin of Far-infrared CO Emission}},
  Author                   = {{Manoj}, P. and {Watson}, D.~M. and {Neufeld}, D.~A. and {Megeath}, S.~T. and {Vavrek}, R. and {Yu}, Vincent and {Visser}, R. and {Bergin}, E.~A. and {Fischer}, W.~J. and {Tobin}, J.~J. and {Stutz}, A.~M. and {Ali}, B. and {Wilson}, T.~L. and {Di Francesco}, J. and {Osorio}, M. and {Maret}, S. and {Poteet}, C.~A.},
  Journal                  = {\apj},
  Year                     = {2013},
  Month                    = {Feb},
  Number                   = {2},
  Pages                    = {83},
  Volume                   = {763},
  Adsnote                  = {Provided by the SAO/NASA Astrophysics Data System},
  Adsurl                   = {https://ui.adsabs.harvard.edu/abs/2013ApJ...763...83M},
  Archiveprefix            = {arXiv},
  DOI                      = {10.1088/0004-637X/763/2/83},
  Eid                      = {83},
  Eprint                   = {1211.2234},
  Keywords                 = {circumstellar matter, ISM: jets and outflows, molecular processes, stars: formation, techniques: spectroscopic, Astrophysics - Astrophysics of Galaxies, Astrophysics - Solar and Stellar Astrophysics},
  Primaryclass             = {astro-ph.GA}
}

@Article{Mel15,
  Title                    = {{O$_{2}$ Emission toward Orion H$_{2}$ Peak 1 and the Role of FUV-illuminated C-shocks}},
  Author                   = {{Melnick}, Gary J. and {Kaufman}, Michael J.},
  Journal                  = {\apj},
  Year                     = {2015},
  Month                    = {Jun},
  Number                   = {2},
  Pages                    = {227},
  Volume                   = {806},
  Adsnote                  = {Provided by the SAO/NASA Astrophysics Data System},
  Adsurl                   = {https://ui.adsabs.harvard.edu/abs/2015ApJ...806..227M},
  Archiveprefix            = {arXiv},
  DOI                      = {10.1088/0004-637X/806/2/227},
  Eid                      = {227},
  Eprint                   = {1505.03909},
  Keywords                 = {astrochemistry, ISM: abundances, ISM: individual objects: Orion, Astrophysics - Astrophysics of Galaxies},
  Primaryclass             = {astro-ph.GA}
}

@Article{MMu00,
  Title                    = {{A Spectral Line Study of Serpens S68 FIRS1 Region}},
  Author                   = {{McMullin}, Joseph P. and {Mundy}, Lee G. and {Blake}, Geoffrey A. and {Wilking}, Bruce A. and {Mangum}, Jeffrey G. and {Latter}, William B.},
  Journal                  = {\apj},
  Year                     = {2000},
  Month                    = {Jun},
  Number                   = {2},
  Pages                    = {845-856},
  Volume                   = {536},
  Adsnote                  = {Provided by the SAO/NASA Astrophysics Data System},
  Adsurl                   = {https://ui.adsabs.harvard.edu/abs/2000ApJ...536..845M},
  DOI                      = {10.1086/308952},
  Keywords                 = {ISM: Abundances, ISM: individual (S68), ISM: Molecules, Radio Continuum: ISM, Stars: Formation}
}

@Article{Mot14,
  Title                    = {{Water in star-forming regions with Herschel (WISH). V. The physical conditions in low-mass protostellar outflows revealed by multi-transition water observations}},
  Author                   = {{Mottram}, J.~C. and {Kristensen}, L.~E. and {van Dishoeck}, E.~F. and {Bruderer}, S. and {San Jos{\'e}-Garc{\'\i}a}, I. and {Karska}, A. and {Visser}, R. and {Santangelo}, G. and {Benz}, A.~O. and {Bergin}, E.~A. and {Caselli}, P. and {Herpin}, F. and {Hogerheijde}, M.~R. and {Johnstone}, D. and {van Kempen}, T.~A. and {Liseau}, R. and {Nisini}, B. and {Tafalla}, M. and {van der Tak}, F.~F.~S. and {Wyrowski}, F.},
  Journal                  = {\aap},
  Year                     = {2014},
  Month                    = {Dec},
  Pages                    = {A21},
  Volume                   = {572},
  Adsnote                  = {Provided by the SAO/NASA Astrophysics Data System},
  Adsurl                   = {https://ui.adsabs.harvard.edu/abs/2014A&A...572A..21M},
  Archiveprefix            = {arXiv},
  DOI                      = {10.1051/0004-6361/201424267},
  Eid                      = {A21},
  Eprint                   = {1409.5704},
  Keywords                 = {stars: formation, ISM: jets and outflows, ISM: molecules, stars: protostars, Astrophysics - Solar and Stellar Astrophysics, Astrophysics - Astrophysics of Galaxies},
  Primaryclass             = {astro-ph.SR}
}

@Article{Mye93,
  Title                    = {{Bolometric Temperatures of Young Stellar Objects}},
  Author                   = {{Myers}, P.~C. and {Ladd}, E.~F.},
  Journal                  = {\apjl},
  Year                     = {1993},
  Month                    = {Aug},
  Pages                    = {L47},
  Volume                   = {413},
  Adsnote                  = {Provided by the SAO/NASA Astrophysics Data System},
  Adsurl                   = {https://ui.adsabs.harvard.edu/abs/1993ApJ...413L..47M},
  DOI                      = {10.1086/186956},
  Keywords                 = {Early Stars, Stellar Evolution, Stellar Luminosity, Stellar Temperature, Black Body Radiation, Continuous Spectra, Hertzsprung-Russell Diagram, Stellar Envelopes, T Tauri Stars, Astrophysics, STARS: CIRCUMSTELLAR MATTER, STARS: EVOLUTION, STARS: HERTZSPRUNG-RUSSELL DIAGRAM}
}

@Article{ND89,
  Title                    = {{Fast molecular shocks. II - Emission from fast dissociative shocks}},
  Author                   = {{Neufeld}, D.~A. and {Dalgarno}, A.},
  Journal                  = {\apj},
  Year                     = {1989},
  Month                    = sep,
  Pages                    = {251-264},
  Volume                   = {344},
  Adsnote                  = {Provided by the SAO/NASA Astrophysics Data System},
  Adsurl                   = {http://adsabs.harvard.edu/abs/1989ApJ...344..251N},
  DOI                      = {10.1086/167794},
  Keywords                 = {DISSOCIATION, INTERSTELLAR CHEMISTRY, MOLECULAR SPECTRA, ORION NEBULA, SHOCK WAVES, ABUNDANCE, BRIGHTNESS TEMPERATURE, ELECTRON TRANSITIONS, FINE STRUCTURE, RECOMBINATION REACTIONS, STAR FORMATION}
}

@Article{Ort17,
  Title                    = {{The Gould{\textquoteright}s Belt Distances Survey (GOBELINS). III. The Distance to the Serpens/Aquila Molecular Complex}},
  Author                   = {{Ortiz-Le{\'o}n}, Gisela N. and {Dzib}, Sergio A. and {Kounkel}, Marina A. and {Loinard}, Laurent and {Mioduszewski}, Amy J. and {Rodr{\'\i}guez}, Luis F. and {Torres}, Rosa M. and {Pech}, Gerardo and {Rivera}, Juana L. and {Hartmann}, Lee and {Boden}, Andrew F. and {Evans}, Neal J., II and {Brice{\~n}o}, Cesar and {Tobin}, John J. and {Galli}, Phillip A.~B.},
  Journal                  = {\apj},
  Year                     = {2017},
  Month                    = {Jan},
  Number                   = {2},
  Pages                    = {143},
  Volume                   = {834},
  Adsnote                  = {Provided by the SAO/NASA Astrophysics Data System},
  Adsurl                   = {https://ui.adsabs.harvard.edu/abs/2017ApJ...834..143O},
  Archiveprefix            = {arXiv},
  DOI                      = {10.3847/1538-4357/834/2/143},
  Eid                      = {143},
  Eprint                   = {1610.03128},
  Keywords                 = {astrometry, radiation mechanisms: non-thermal, radio continuum: stars, techniques: interferometric, Astrophysics - Solar and Stellar Astrophysics, Astrophysics - Astrophysics of Galaxies},
  Primaryclass             = {astro-ph.SR}
}

@Article{Oss10,
  Title                    = {{Detection of interstellar oxidaniumyl: Abundant H$_{2}$O$^{+}$ towards the star-forming regions DR21, Sgr B2, and NGC6334}},
  Author                   = {{Ossenkopf}, V. and {M{\"u}ller}, H.~S.~P. and {Lis}, D.~C. and {Schilke}, P. and {Bell}, T.~A. and {Bruderer}, S. and {Bergin}, E. and {Ceccarelli}, C. and {Comito}, C. and {Stutzki}, J. and {Bacman}, A. and {Baudry}, A. and {Benz}, A.~O. and {Benedettini}, M. and {Berne}, O. and {Blake}, G. and {Boogert}, A. and {Bottinelli}, S. and {Boulanger}, F. and {Cabrit}, S. and {Caselli}, P. and {Caux}, E. and {Cernicharo}, J. and {Codella}, C. and {Coutens}, A. and {Crimier}, N. and {Crockett}, N.~R. and {Daniel}, F. and {Demyk}, K. and {Dieleman}, P. and {Dominik}, C. and {Dubernet}, M.~L. and {Emprechtinger}, M. and {Encrenaz}, P. and {Falgarone}, E. and {France}, K. and {Fuente}, A. and {Gerin}, M. and {Giesen}, T.~F. and {di Giorgio}, A.~M. and {Goicoechea}, J.~R. and {Goldsmith}, P.~F. and {G{\"u}sten}, R. and {Harris}, A. and {Helmich}, F. and {Herbst}, E. and {Hily-Blant}, P. and {Jacobs}, K. and {Jacq}, T. and {Joblin}, Ch. and {Johnstone}, D. and {Kahane}, C. and {Kama}, M. and {Klein}, T. and {Klotz}, A. and {Kramer}, C. and {Langer}, W. and {Lefloch}, B. and {Leinz}, C. and {Lorenzani}, A. and {Lord}, S.~D. and {Maret}, S. and {Martin}, P.~G. and {Martin-Pintado}, J. and {McCoey}, C. and {Melchior}, M. and {Melnick}, G.~J. and {Menten}, K.~M. and {Mookerjea}, B. and {Morris}, P. and {Murphy}, J.~A. and {Neufeld}, D.~A. and {Nisini}, B. and {Pacheco}, S. and {Pagani}, L. and {Parise}, B. and {Pearson}, J.~C. and {P{\'e}rault}, M. and {Phillips}, T.~G. and {Plume}, R. and {Quin}, S. -L. and {Rizzo}, R. and {R{\"o}llig}, M. and {Salez}, M. and {Saraceno}, P. and {Schlemmer}, S. and {Simon}, R. and {Schuster}, K. and {van der Tak}, F.~F.~S. and {Tielens}, A.~G.~G.~M. and {Teyssier}, D. and {Trappe}, N. and {Vastel}, C. and {Viti}, S. and {Wakelam}, V. and {Walters}, A. and {Wang}, S. and {Whyborn}, N. and {van der Wiel}, M. and {Yorke}, H.~W. and {Yu}, S. and {Zmuidzinas}, J.},
  Journal                  = {\aap},
  Year                     = {2010},
  Month                    = {Jul},
  Pages                    = {L111},
  Volume                   = {518},
  Adsnote                  = {Provided by the SAO/NASA Astrophysics Data System},
  Adsurl                   = {https://ui.adsabs.harvard.edu/abs/2010A&A...518L.111O},
  Archiveprefix            = {arXiv},
  DOI                      = {10.1051/0004-6361/201014577},
  Eid                      = {L111},
  Eprint                   = {1005.2521},
  Keywords                 = {astrochemistry, line: identification, molecular data, ISM: abundances, ISM: molecules, ISM: clouds, Astrophysics - Astrophysics of Galaxies},
  Primaryclass             = {astro-ph.GA}
}

@ARTICLE{Pic98,
       author = {{Pickett}, H.~M. and {Poynter}, R.~L. and {Cohen}, E.~A. and
         {Delitsky}, M.~L. and {Pearson}, J.~C. and {M{\"u}ller}, H.~S.~P.},
        title = "{Submillimeter, millimeter and microwave spectral line catalog.}",
      journal = {\jqsrt},
     keywords = {Laboratory Spectra: Catalogues, Laboratory Spectra: MM Spectra, Laboratory Spectra: Sub-MM Spectra, Laboratory Spectra: Microwave Spectra, Atomic Spectra: Catalogues, Atomic Spectra: MM Spectra, Atomic Spectra: Sub-MM Spectra, Atomic Spectra: Microwave Spectra, Molecular Spectra: Catalogues, Molecular Spectra: MM Spectra, Molecular Spectra: Sub-MM Spectra, Molecular Spectra: Microwave Spectra},
         year = "1998",
        month = "Nov",
       volume = {60},
       number = {5},
        pages = {883-890},
          doi = {10.1016/S0022-4073(98)00091-0},
       adsurl = {https://ui.adsabs.harvard.edu/abs/1998JQSRT..60..883P},
      adsnote = {Provided by the SAO/NASA Astrophysics Data System}
}

@Article{Pog10,
  Title                    = {{The Photodetector Array Camera and Spectrometer (PACS) on the Herschel Space Observatory}},
  Author                   = {{Poglitsch}, A. and {Waelkens}, C. and {Geis}, N. and {Feuchtgruber}, H. and {Vandenbussche}, B. and {Rodriguez}, L. and {Krause}, O. and {Renotte}, E. and {van Hoof}, C. and {Saraceno}, P. and {Cepa}, J. and {Kerschbaum}, F. and {Agn{\`e}se}, P. and {Ali}, B. and {Altieri}, B. and {Andreani}, P. and {Augueres}, J.-L. and {Balog}, Z. and {Barl}, L. and {Bauer}, O.~H. and {Belbachir}, N. and {Benedettini}, M. and {Billot}, N. and {Boulade}, O. and {Bischof}, H. and {Blommaert}, J. and {Callut}, E. and {Cara}, C. and {Cerulli}, R. and {Cesarsky}, D. and {Contursi}, A. and {Creten}, Y. and {De Meester}, W. and {Doublier}, V. and {Doumayrou}, E. and {Duband}, L. and {Exter}, K. and {Genzel}, R. and {Gillis}, J.-M. and {Gr{\"o}zinger}, U. and {Henning}, T. and {Herreros}, J. and {Huygen}, R. and {Inguscio}, M. and {Jakob}, G. and {Jamar}, C. and {Jean}, C. and {de Jong}, J. and {Katterloher}, R. and {Kiss}, C. and {Klaas}, U. and {Lemke}, D. and {Lutz}, D. and {Madden}, S. and {Marquet}, B. and {Martignac}, J. and {Mazy}, A. and {Merken}, P. and {Montfort}, F. and {Morbidelli}, L. and {M{\"u}ller}, T. and {Nielbock}, M. and {Okumura}, K. and {Orfei}, R. and {Ottensamer}, R. and {Pezzuto}, S. and {Popesso}, P. and {Putzeys}, J. and {Regibo}, S. and {Reveret}, V. and {Royer}, P. and {Sauvage}, M. and {Schreiber}, J. and {Stegmaier}, J. and {Schmitt}, D. and {Schubert}, J. and {Sturm}, E. and {Thiel}, M. and {Tofani}, G. and {Vavrek}, R. and {Wetzstein}, M. and {Wieprecht}, E. and {Wiezorrek}, E.},
  Journal                  = {\aap},
  Year                     = {2010},
  Month                    = jul,
  Pages                    = {L2},
  Volume                   = {518},
  Adsnote                  = {Provided by the SAO/NASA Astrophysics Data System},
  Adsurl                   = {http://adsabs.harvard.edu/abs/2010A%26A...518L...2P},
  Archiveprefix            = {arXiv},
  DOI                      = {10.1051/0004-6361/201014535},
  Eprint                   = {1005.1487},
  Keywords                 = {space vehicles: instruments, instrumentation: photometers, instrumentation: spectrographs},
  Primaryclass             = {astro-ph.IM}
}

@Article{Ria18,
  Title                    = {{Chemical tracers in proto-brown dwarfs: CN, HCN, and HNC observations}},
  Author                   = {{Riaz}, B. and {Thi}, W. -F. and {Caselli}, P.},
  Journal                  = {\mnras},
  Year                     = {2018},
  Month                    = {Dec},
  Number                   = {4},
  Pages                    = {4662-4679},
  Volume                   = {481},
  Adsnote                  = {Provided by the SAO/NASA Astrophysics Data System},
  Adsurl                   = {https://ui.adsabs.harvard.edu/abs/2018MNRAS.481.4662R},
  Archiveprefix            = {arXiv},
  DOI                      = {10.1093/mnras/sty2583},
  Eprint                   = {1809.10164},
  Keywords                 = {astrochemistry, brown dwarfs, stars: evolution, stars: formation, ISM: abundances, ISM: molecules, Astrophysics - Solar and Stellar Astrophysics, Astrophysics - Astrophysics of Galaxies},
  Primaryclass             = {astro-ph.SR}
}

@Article{Sch05,
  Title                    = {{An atomic and molecular database for analysis of submillimetre line observations}},
  Author                   = {{Sch{\"o}ier}, F.~L. and {van der Tak}, F.~F.~S. and {van Dishoeck}, E.~F. and {Black}, J.~H.},
  Journal                  = {\aap},
  Year                     = {2005},
  Month                    = {Mar},
  Number                   = {1},
  Pages                    = {369-379},
  Volume                   = {432},
  Adsnote                  = {Provided by the SAO/NASA Astrophysics Data System},
  Adsurl                   = {https://ui.adsabs.harvard.edu/abs/2005A&A...432..369S},
  Archiveprefix            = {arXiv},
  DOI                      = {10.1051/0004-6361:20041729},
  Eprint                   = {astro-ph/0411110},
  Keywords                 = {astronomical data bases: miscellaneous, atomic data, molecular data, radiative transfer, ISM: atoms, ISM: molecules, Astrophysics},
  Primaryclass             = {astro-ph}
}

@ARTICLE{Ska83,
       author = {{Skatrud}, David D. and {De Lucia}, Frank C. and {Blake}, Geoffrey A. and
         {Sastry}, K.~V.~L.~N.},
        title = "{The millimeter and submillimeter spectrum of CN in its first four vibrational states}",
      journal = {Journal of Molecular Spectroscopy},
         year = "1983",
        month = "May",
       volume = {99},
       number = {1},
        pages = {35-46},
          doi = {10.1016/0022-2852(83)90290-4},
       adsurl = {https://ui.adsabs.harvard.edu/abs/1983JMoSp..99...35S},
      adsnote = {Provided by the SAO/NASA Astrophysics Data System}
}

@Article{Skr06,
  Title                    = {{The Two Micron All Sky Survey (2MASS)}},
  Author                   = {{Skrutskie}, M.~F. and {Cutri}, R.~M. and {Stiening}, R. and {Weinberg}, M.~D. and {Schneider}, S. and {Carpenter}, J.~M. and {Beichman}, C. and {Capps}, R. and {Chester}, T. and {Elias}, J. and {Huchra}, J. and {Liebert}, J. and {Lonsdale}, C. and {Monet}, D.~G. and {Price}, S. and {Seitzer}, P. and {Jarrett}, T. and {Kirkpatrick}, J.~D. and {Gizis}, J.~E. and {Howard}, E. and {Evans}, T. and {Fowler}, J. and {Fullmer}, L. and {Hurt}, R. and {Light}, R. and {Kopan}, E.~L. and {Marsh}, K.~A. and {McCallon}, H.~L. and {Tam}, R. and {Van Dyk}, S. and {Wheelock}, S.},
  Journal                  = {\aj},
  Year                     = {2006},
  Month                    = {Feb},
  Number                   = {2},
  Pages                    = {1163-1183},
  Volume                   = {131},
  Adsnote                  = {Provided by the SAO/NASA Astrophysics Data System},
  Adsurl                   = {https://ui.adsabs.harvard.edu/abs/2006AJ....131.1163S},
  DOI                      = {10.1086/498708},
  Keywords                 = {Catalogs, Infrared: General, Surveys}
}


@Article{Spa95,
  Title                    = {{Photon Heating of Envelopes around Young Stellar Objects: an Explanation for CO J= 6--5}},
  Author                   = {{Spaans}, Marco and {Hogerheijde}, Michiel R. and {Mundy}, Lee G. and {van Dishoeck}, Ewine F.},
  Journal                  = {\apjl},
  Year                     = {1995},
  Month                    = {Dec},
  Pages                    = {L167},
  Volume                   = {455},
  Adsnote                  = {Provided by the SAO/NASA Astrophysics Data System},
  Adsurl                   = {https://ui.adsabs.harvard.edu/abs/1995ApJ...455L.167S},
  DOI                      = {10.1086/309826},
  Keywords                 = {MOLECULAR PROCESSES, ISM: MOLECULES, STARS: CIRCUMSTELLAR MATTER, STARS: FORMATION}
}

@Article{Sta05,
  Title                    = {{X-ray chemistry in the envelopes around young stellar objects}},
  Author                   = {{St{\"a}uber}, P. and {Doty}, S.~D. and {van Dishoeck}, E.~F. and {Benz}, A.~O.},
  Journal                  = {\aap},
  Year                     = {2005},
  Month                    = {Sep},
  Number                   = {3},
  Pages                    = {949-966},
  Volume                   = {440},
  Adsnote                  = {Provided by the SAO/NASA Astrophysics Data System},
  Adsurl                   = {https://ui.adsabs.harvard.edu/abs/2005A&A...440..949S},
  Archiveprefix            = {arXiv},
  DOI                      = {10.1051/0004-6361:20052889},
  Eprint                   = {astro-ph/0506306},
  Keywords                 = {stars: formation, stars: individual: AFGL 2591, ISM: molecules, X-rays: ISM, Astrophysics},
  Primaryclass             = {astro-ph}
}

@Article{Sta07,
  Title                    = {{Tracing high energy radiation with molecular lines near deeply embedded protostars}},
  Author                   = {{St{\"a}uber}, P. and {Benz}, A.~O. and {J{\o}rgensen}, J.~K. and {van Dishoeck}, E.~F. and {Doty}, S.~D. and {van der Tak}, F.~F.~S.},
  Journal                  = {\aap},
  Year                     = {2007},
  Month                    = {May},
  Number                   = {3},
  Pages                    = {977-988},
  Volume                   = {466},
  Adsnote                  = {Provided by the SAO/NASA Astrophysics Data System},
  Adsurl                   = {https://ui.adsabs.harvard.edu/abs/2007A&A...466..977S},
  Archiveprefix            = {arXiv},
  DOI                      = {10.1051/0004-6361:20065762},
  Eprint                   = {astro-ph/0608393},
  Keywords                 = {stars: formation, stars: low-mass, brown dwarfs, ISM: molecules, X-rays: ISM, Astrophysics},
  Primaryclass             = {astro-ph}
}

@Article{Sur16,
  Title                    = {{A Catalog of Low-mass Star-forming Cores Observed with SHARC-II at 350 {$\mu$}m}},
  Author                   = {{Suresh}, A. and {Dunham}, M.~M. and {Arce}, H.~G. and {Evans}, II, N.~J. and {Bourke}, T.~L. and {Merello}, M. and {Wu}, J.},
  Journal                  = {\aj},
  Year                     = {2016},
  Month                    = aug,
  Pages                    = {36},
  Volume                   = {152},
  Adsnote                  = {Provided by the SAO/NASA Astrophysics Data System},
  Adsurl                   = {http://adsabs.harvard.edu/abs/2016AJ....152...36S},
  Archiveprefix            = {arXiv},
  DOI                      = {10.3847/0004-6256/152/2/36},
  Eid                      = {36},
  Eprint                   = {1604.04022},
  Keywords                 = {ISM: clouds, stars: formation, stars: low-mass, submillimeter: ISM}
}

@ARTICLE{Ter10,
       author = {{Tercero}, B. and {Cernicharo}, J. and {Pardo}, J.~R. and
         {Goicoechea}, J.~R.},
        title = "{A line confusion limited millimeter survey of Orion KL . I. Sulfur carbon chains}",
      journal = {\aap},
     keywords = {surveys, stars: formation, ISM: abundances, ISM: clouds, ISM: molecules, radio lines: ISM, Astrophysics - Astrophysics of Galaxies},
         year = "2010",
        month = "Jul",
       volume = {517},
          eid = {A96},
        pages = {A96},
          doi = {10.1051/0004-6361/200913501},
archivePrefix = {arXiv},
       eprint = {1004.2711},
 primaryClass = {astro-ph.GA},
       adsurl = {https://ui.adsabs.harvard.edu/abs/2010A&A...517A..96T},
      adsnote = {Provided by the SAO/NASA Astrophysics Data System}
}

@Article{Tes98,
  Title                    = {{Star Formation in Clusters: A Survey of Compact Millimeter-Wave Sources in the Serpens Core}},
  Author                   = {{Testi}, Leonardo and {Sargent}, Anneila I.},
  Journal                  = {\apjl},
  Year                     = {1998},
  Month                    = {Nov},
  Number                   = {1},
  Pages                    = {L91-L94},
  Volume                   = {508},
  Adsnote                  = {Provided by the SAO/NASA Astrophysics Data System},
  Adsurl                   = {https://ui.adsabs.harvard.edu/abs/1998ApJ...508L..91T},
  Archiveprefix            = {arXiv},
  DOI                      = {10.1086/311724},
  Eprint                   = {astro-ph/9809323},
  Keywords                 = {ISM: CLOUDS, RADIO CONTINUUM: ISM, STARS: FORMATION, ISM: Clouds, Radio Continuum: ISM, Stars: Formation, Astrophysics},
  Primaryclass             = {astro-ph}
}

@Article{Thi04,
  Title                    = {{Organic molecules in protoplanetary disks around T Tauri and Herbig Ae stars}},
  Author                   = {{Thi}, W. -F. and {van Zadelhoff}, G. -J. and {van Dishoeck}, E.~F.},
  Journal                  = {Astronomy and Astrophysics},
  Year                     = {2004},
  Month                    = {Oct},
  Pages                    = {955-972},
  Volume                   = {425},
  Adsnote                  = {Provided by the SAO/NASA Astrophysics Data System},
  Adsurl                   = {https://ui.adsabs.harvard.edu/abs/2004A&A...425..955T},
  Archiveprefix            = {arXiv},
  DOI                      = {10.1051/0004-6361:200400026},
  Eprint                   = {astro-ph/0406577},
  Keywords                 = {ISM: molecules, stars: circumstellar matter, stars: pre-main-sequence, astrochemistry, Astrophysics},
  Primaryclass             = {astro-ph}
}

@Article{vDi11,
  Title                    = {{Water in Star-forming Regions with the Herschel Space Observatory (WISH). I. Overview of Key Program and First Results}},
  Author                   = {{van Dishoeck}, E.~F. and {Kristensen}, L.~E. and {Benz}, A.~O. and {Bergin}, E.~A. and {Caselli}, P. and {Cernicharo}, J. and {Herpin}, F. and {Hogerheijde}, M.~R. and {Johnstone}, D. and {Liseau}, R. and {Nisini}, B. and {Shipman}, R. and {Tafalla}, M. and {van der Tak}, F. and {Wyrowski}, F. and {Aikawa}, Y. and {Bachiller}, R. and {Baudry}, A. and {Benedettini}, M. and {Bjerkeli}, P. and {Blake}, G.~A. and {Bontemps}, S. and {Braine}, J. and {Brinch}, C. and {Bruderer}, S. and {Chavarr{\'\i}a}, L. and {Codella}, C. and {Daniel}, F. and {de Graauw}, Th. and {Deul}, E. and {di Giorgio}, A.~M. and {Dominik}, C. and {Doty}, S.~D. and {Dubernet}, M.~L. and {Encrenaz}, P. and {Feuchtgruber}, H. and {Fich}, M. and {Frieswijk}, W. and {Fuente}, A. and {Giannini}, T. and {Goicoechea}, J.~R. and {Helmich}, F.~P. and {Herczeg}, G.~J. and {Jacq}, T. and {J{\o}rgensen}, J.~K. and {Karska}, A. and {Kaufman}, M.~J. and {Keto}, E. and {Larsson}, B. and {Lefloch}, B. and {Lis}, D. and {Marseille}, M. and {McCoey}, C. and {Melnick}, G. and {Neufeld}, D. and {Olberg}, M. and {Pagani}, L. and {Pani{\'c}}, O. and {Parise}, B. and {Pearson}, J.~C. and {Plume}, R. and {Risacher}, C. and {Salter}, D. and {Santiago-Garc{\'\i}a}, J. and {Saraceno}, P. and {St{\"a}uber}, P. and {van Kempen}, T.~A. and {Visser}, R. and {Viti}, S. and {Walmsley}, M. and {Wampfler}, S.~F. and {Y{\i}ld{\i}z}, U.~A.},
  Journal                  = {\pasp},
  Year                     = {2011},
  Month                    = {Feb},
  Number                   = {900},
  Pages                    = {138},
  Volume                   = {123},
  Adsnote                  = {Provided by the SAO/NASA Astrophysics Data System},
  Adsurl                   = {https://ui.adsabs.harvard.edu/abs/2011PASP..123..138V},
  Archiveprefix            = {arXiv},
  DOI                      = {10.1086/658676},
  Eprint                   = {1012.4570},
  Keywords                 = {Astrophysics - Astrophysics of Galaxies},
  Primaryclass             = {astro-ph.GA}
}

@InProceedings{vDi87,
  Title                    = {{Photodissociation processes of astrophysical molecules.}},
  Author                   = {{van Dishoeck}, Ewine F.},
  Booktitle                = {Astrochemistry},
  Year                     = {1987},
  Editor                   = {{Vardya}, M.~S. and {Tarafdar}, S.~P.},
  Month                    = {Jan},
  Pages                    = {51-65},
  Series                   = {IAU Symposium},
  Volume                   = {120},
  Adsnote                  = {Provided by the SAO/NASA Astrophysics Data System},
  Adsurl                   = {https://ui.adsabs.harvard.edu/abs/1987IAUS..120...51V},
  Keywords                 = {Interstellar Matter, Interstellar Radiation, Molecular Clouds, Photodissociation, Comets, Radiation Effects, Reaction Kinetics, Stellar Envelopes, Atomic and Molecular Physics}
}

@Article{vdT07,
  Title                    = {{A computer program for fast non-LTE analysis of interstellar line spectra. With diagnostic plots to interpret observed line intensity ratios}},
  Author                   = {{van der Tak}, F.~F.~S. and {Black}, J.~H. and {Sch{\"o}ier}, F.~L. and {Jansen}, D.~J. and {van Dishoeck}, E.~F.},
  Journal                  = {\aap},
  Year                     = {2007},
  Month                    = {Jun},
  Number                   = {2},
  Pages                    = {627-635},
  Volume                   = {468},
  Adsnote                  = {Provided by the SAO/NASA Astrophysics Data System},
  Adsurl                   = {https://ui.adsabs.harvard.edu/abs/2007A&A...468..627V},
  Archiveprefix            = {arXiv},
  DOI                      = {10.1051/0004-6361:20066820},
  Eprint                   = {0704.0155},
  Keywords                 = {radiative transfer, methods: numerical, radio lines: ISM, infrared: ISM, submillimeter, Astrophysics},
  Primaryclass             = {astro-ph}
}

@Article{vKe09,
  Title                    = {{APEX-CHAMP$^{+}$ high-J CO observations of low-mass young stellar objects. I. The HH 46 envelope and outflow}},
  Author                   = {{van Kempen}, T.~A. and {van Dishoeck}, E.~F. and {G{\"u}sten}, R. and {Kristensen}, L.~E. and {Schilke}, P. and {Hogerheijde}, M.~R. and {Boland}, W. and {Nefs}, B. and {Menten}, K.~M. and {Baryshev}, A. and {Wyrowski}, F.},
  Journal                  = {\aap},
  Year                     = {2009},
  Month                    = jul,
  Pages                    = {633-646},
  Volume                   = {501},
  Adsnote                  = {Provided by the SAO/NASA Astrophysics Data System},
  Adsurl                   = {http://adsabs.harvard.edu/abs/2009A%26A...501..633V},
  Archiveprefix            = {arXiv},
  DOI                      = {10.1051/0004-6361/200912013},
  Eprint                   = {0905.2878},
  Keywords                 = {astrochemistry, stars: formation, stars: pre-main sequence, ISM: individual objects: HH 46, ISM: jets and outflows , ISM: molecules},
  Primaryclass             = {astro-ph.SR}
}

@Article{vK09,
  Title                    = {{APEX-CHAMP$^{+}$ high-J CO observations of low-mass young stellar objects. II. Distribution and origin of warm molecular gas}},
  Author                   = {{van Kempen}, T.~A. and {van Dishoeck}, E.~F. and {G{\"u}sten}, R. and {Kristensen}, L.~E. and {Schilke}, P. and {Hogerheijde}, M.~R. and {Boland }, W. and {Menten}, K.~M. and {Wyrowski}, F.},
  Journal                  = {\aap},
  Year                     = {2009},
  Month                    = {Dec},
  Number                   = {3},
  Pages                    = {1425-1442},
  Volume                   = {507},
  Adsnote                  = {Provided by the SAO/NASA Astrophysics Data System},
  Adsurl                   = {https://ui.adsabs.harvard.edu/abs/2009A&A...507.1425V},
  Archiveprefix            = {arXiv},
  DOI                      = {10.1051/0004-6361/200912507},
  Eprint                   = {0908.3446},
  Keywords                 = {astrochemistry, stars: formation, ISM: jets and outflows, submillimeter, stars: circumstellar matter, stars: pre-main sequence, Astrophysics - Solar and Stellar Astrophysics},
  Primaryclass             = {astro-ph.SR}
}

@Article{vZa03,
  Title                    = {{Axi-symmetric models of ultraviolet radiative transfer with applications to circumstellar disk chemistry}},
  Author                   = {{van Zadelhoff}, G. -J. and {Aikawa}, Y. and {Hogerheijde}, M.~R. and {van Dishoeck}, E.~F.},
  Journal                  = {Astronomy and Astrophysics},
  Year                     = {2003},
  Month                    = {Jan},
  Pages                    = {789-802},
  Volume                   = {397},
  Adsnote                  = {Provided by the SAO/NASA Astrophysics Data System},
  Adsurl                   = {https://ui.adsabs.harvard.edu/abs/2003A&A...397..789V},
  Archiveprefix            = {arXiv},
  DOI                      = {10.1051/0004-6361:20021592},
  Eprint                   = {astro-ph/0211014},
  Keywords                 = {ISM: molecules, stars: pre-main sequence, stars: circumstellar matter, stars: planetary systems: protoplanetary disks, radiative transfer, line: profiles, Astrophysics},
  Primaryclass             = {astro-ph}
}

@Article{Wam13,
  Title                    = {{OH far-infrared emission from low- and intermediate-mass protostars surveyed with Herschel-PAC}},
  Author                   = {{Wampfler}, S.~F. and {Bruderer}, S. and {Karska}, A. and {Herczeg}, G.~J. and {van Dishoeck}, E.~F. and {Kristensen}, L.~E. and {Goicoechea}, J.~R. and {Benz}, A.~O. and {Doty}, S.~D. and {McCoey}, C. and {Baudry}, A. and {Giannini}, T. and {Larsson}, B.},
  Journal                  = {\aap},
  Year                     = {2013},
  Month                    = apr,
  Pages                    = {A56},
  Volume                   = {552},
  Adsnote                  = {Provided by the SAO/NASA Astrophysics Data System},
  Adsurl                   = {http://adsabs.harvard.edu/abs/2013A%26A...552A..56W},
  Archiveprefix            = {arXiv},
  DOI                      = {10.1051/0004-6361/201219929},
  Eid                      = {A56},
  Eprint                   = {1212.5033},
  Keywords                 = {astrochemistry, stars: formation, ISM: molecules, ISM: jets and outflows},
  Primaryclass             = {astro-ph.SR}
}

@Article{Wak12,
  Title                    = {{A KInetic Database for Astrochemistry (KIDA)}},
  Author                   = {{Wakelam}, V. and {Herbst}, E. and {Loison}, J. -C. and {Smith}, I.~W.~M. and {Chandrasekaran}, V. and {Pavone}, B. and {Adams}, N.~G. and {Bacchus-Montabonel}, M. -C. and {Bergeat}, A. and {B{\'e}roff}, K. and {Bierbaum}, V.~M. and {Chabot}, M. and {Dalgarno}, A. and {van Dishoeck}, E.~F. and {Faure}, A. and {Geppert}, W.~D. and {Gerlich}, D. and {Galli}, D. and {H{\'e}brard}, E. and {Hersant}, F. and {Hickson}, K.~M. and {Honvault}, P. and {Klippenstein}, S.~J. and {Le Picard}, S. and {Nyman}, G. and {Pernot}, P. and {Schlemmer}, S. and {Selsis}, F. and {Sims}, I.~R. and {Talbi}, D. and {Tennyson}, J. and {Troe}, J. and {Wester}, R. and {Wiesenfeld}, L.},
  Journal                  = {\apjs},
  Year                     = {2012},
  Month                    = {Mar},
  Number                   = {1},
  Pages                    = {21},
  Volume                   = {199},
  Adsnote                  = {Provided by the SAO/NASA Astrophysics Data System},
  Adsurl                   = {https://ui.adsabs.harvard.edu/abs/2012ApJS..199...21W},
  Archiveprefix            = {arXiv},
  DOI                      = {10.1088/0067-0049/199/1/21},
  Eid                      = {21},
  Eprint                   = {1201.5887},
  Keywords                 = {astrochemistry, astronomical databases: miscellaneous, ISM: abundances, ISM: molecules, Astrophysics - Astrophysics of Galaxies},
  Primaryclass             = {astro-ph.GA}
}

@Article{Wal14,
  Title                    = {{The James Clerk Maxwell Telescope dense gas survey of the Perseus molecular cloud}},
  Author                   = {{Walker-Smith}, S.~L. and {Richer}, J.~S. and {Buckle}, J.~V. and {Hatchell}, J. and {Drabek-Maunder}, E.},
  Journal                  = {\mnras},
  Year                     = {2014},
  Month                    = {Jun},
  Number                   = {4},
  Pages                    = {3568-3587},
  Volume                   = {440},
  Adsnote                  = {Provided by the SAO/NASA Astrophysics Data System},
  Adsurl                   = {https://ui.adsabs.harvard.edu/abs/2014MNRAS.440.3568W},
  Archiveprefix            = {arXiv},
  DOI                      = {10.1093/mnras/stu512},
  Eprint                   = {1403.3051},
  Keywords                 = {stars: formation, ISM: clouds, ISM: individual objects: Perseus, ISM: jets and outflows, ISM: molecules, Astrophysics - Astrophysics of Galaxies},
  Primaryclass             = {astro-ph.GA}
}

@Article{WISH,
  Title                    = {{Water in Star-forming Regions with the Herschel Space Observatory (WISH). I. Overview of Key Program and First Results}},
  Author                   = {{van Dishoeck}, E.~F. and {Kristensen}, L.~E. and {Benz}, A.~O. and {Bergin}, E.~A. and {Caselli}, P. and {Cernicharo}, J. and {Herpin}, F. and {Hogerheijde}, M.~R. and {Johnstone}, D. and {Liseau}, R. and {Nisini}, B. and {Shipman}, R. and {Tafalla}, M. and {van der Tak}, F. and {Wyrowski}, F. and {Aikawa}, Y. and {Bachiller}, R. and {Baudry}, A. and {Benedettini}, M. and {Bjerkeli}, P. and {Blake}, G.~A. and {Bontemps}, S. and {Braine}, J. and {Brinch}, C. and {Bruderer}, S. and {Chavarr{\'{\i}}a}, L. and {Codella}, C. and {Daniel}, F. and {de Graauw}, T. and {Deul}, E. and {di Giorgio}, A.~M. and {Dominik}, C. and {Doty}, S.~D. and {Dubernet}, M.~L. and {Encrenaz}, P. and {Feuchtgruber}, H. and {Fich}, M. and {Frieswijk}, W. and {Fuente}, A. and {Giannini}, T. and {Goicoechea}, J.~R. and {Helmich}, F.~P. and {Herczeg}, G.~J. and {Jacq}, T. and {J{\o}rgensen}, J.~K. and {Karska}, A. and {Kaufman}, M.~J. and {Keto}, E. and {Larsson}, B. and {Lefloch}, B. and {Lis}, D. and {Marseille}, M. and {McCoey}, C. and {Melnick}, G. and {Neufeld}, D. and {Olberg}, M. and {Pagani}, L. and {Pani{\'c}}, O. and {Parise}, B. and {Pearson}, J.~C. and {Plume}, R. and {Risacher}, C. and {Salter}, D. and {Santiago-Garc{\'{\i}}a}, J. and {Saraceno}, P. and {St{\"a}uber}, P. and {van Kempen}, T.~A. and {Visser}, R. and {Viti}, S. and {Walmsley}, M. and {Wampfler}, S.~F. and {Y{\i}ld{\i}z}, U.~A.},
  Journal                  = {\pasp},
  Year                     = {2011},
  Month                    = feb,
  Pages                    = {138-170},
  Volume                   = {123},
  Adsnote                  = {Provided by the SAO/NASA Astrophysics Data System},
  Adsurl                   = {http://adsabs.harvard.edu/abs/2011PASP..123..138V},
  Archiveprefix            = {arXiv},
  DOI                      = {10.1086/658676},
  Eprint                   = {1012.4570},
  Keywords                 = {ISM},
  Primaryclass             = {astro-ph.GA}
}

@Article{Wri10,
  Title                    = {{The Wide-field Infrared Survey Explorer (WISE): Mission Description and Initial On-orbit Performance}},
  Author                   = {{Wright}, Edward L. and {Eisenhardt}, Peter R.~M. and {Mainzer}, Amy K. and {Ressler}, Michael E. and {Cutri}, Roc M. and {Jarrett}, Thomas and {Kirkpatrick}, J. Davy and {Padgett}, Deborah and {McMillan}, Robert S. and {Skrutskie}, Michael and {Stanford}, S.~A. and {Cohen}, Martin and {Walker}, Russell G. and {Mather}, John C. and {Leisawitz}, David and {Gautier}, Thomas N., III and {McLean}, Ian and {Benford}, Dominic and {Lonsdale}, Carol J. and {Blain}, Andrew and {Mendez}, Bryan and {Irace}, William R. and {Duval}, Valerie and {Liu}, Fengchuan and {Royer}, Don and {Heinrichsen}, Ingolf and {Howard}, Joan and {Shannon}, Mark and {Kendall}, Martha and {Walsh}, Amy L. and {Larsen}, Mark and {Cardon}, Joel G. and {Schick}, Scott and {Schwalm}, Mark and {Abid}, Mohamed and {Fabinsky}, Beth and {Naes}, Larry and {Tsai}, Chao-Wei},
  Journal                  = {\aj},
  Year                     = {2010},
  Month                    = {Dec},
  Number                   = {6},
  Pages                    = {1868-1881},
  Volume                   = {140},
  Adsnote                  = {Provided by the SAO/NASA Astrophysics Data System},
  Adsurl                   = {https://ui.adsabs.harvard.edu/abs/2010AJ....140.1868W},
  Archiveprefix            = {arXiv},
  DOI                      = {10.1088/0004-6256/140/6/1868},
  Eprint                   = {1008.0031},
  Keywords                 = {infrared: general, space vehicles, surveys, Astrophysics - Instrumentation and Methods for Astrophysics},
  Primaryclass             = {astro-ph.IM}
}

@Article{Wyr10,
  Title                    = {{First interstellar detection of OH$^{+}$}},
  Author                   = {{Wyrowski}, F. and {Menten}, K.~M. and {G{\"u}sten}, R. and {Belloche}, A.},
  Journal                  = {\aap},
  Year                     = {2010},
  Month                    = {Jul},
  Pages                    = {A26},
  Volume                   = {518},
  Adsnote                  = {Provided by the SAO/NASA Astrophysics Data System},
  Adsurl                   = {https://ui.adsabs.harvard.edu/abs/2010A&A...518A..26W},
  Archiveprefix            = {arXiv},
  DOI                      = {10.1051/0004-6361/201014364},
  Eid                      = {A26},
  Eprint                   = {1004.2627},
  Keywords                 = {astrochemistry, ISM: abundances, ISM: molecules, Astrophysics - Astrophysics of Galaxies},
  Primaryclass             = {astro-ph.GA}
}

@Article{Yil12,
  Title                    = {{APEX-CHAMP$^{+}$ high-J CO observations of low-mass young stellar objects. III. NGC 1333 IRAS 4A/4B envelope, outflow, and ultraviolet heating}},
  Author                   = {{Y{\i}ld{\i}z}, U.~A. and {Kristensen}, L.~E. and {van Dishoeck}, E.~F. and {Belloche}, A. and {van Kempen}, T.~A. and {Hogerheijde}, M.~R. and {G{\"u}sten}, R. and {van der Marel}, N.},
  Journal                  = {\aap},
  Year                     = {2012},
  Month                    = jun,
  Pages                    = {A86},
  Volume                   = {542},
  Adsnote                  = {Provided by the SAO/NASA Astrophysics Data System},
  Adsurl                   = {http://adsabs.harvard.edu/abs/2012A%26A...542A..86Y},
  Archiveprefix            = {arXiv},
  DOI                      = {10.1051/0004-6361/201118368},
  Eid                      = {A86},
  Eprint                   = {1203.2965},
  Keywords                 = {astrochemistry, stars: formation, stars: pre-main sequence, ISM: individual objects:NGC 1333 IRAS 4A, ISM: individual objects:NGC 1333 IRAS 4B},
  Primaryclass             = {astro-ph.SR}
}


@Article{Yil15,
  Title                    = {{APEX-CHAMP$^{+}$ high-J CO observations of low-mass young stellar objects. IV. Mechanical and radiative feedback}},
  Author                   = {{Y{\i}ld{\i}z}, U.~A. and {Kristensen}, L.~E. and {van Dishoeck}, E.~F. and {Hogerheijde}, M.~R. and {Karska}, A. and {Belloche}, A. and {Endo}, A. and {Frieswijk}, W. and {G{\"u}sten}, R. and {van Kempen}, T.~A. and {Leurini}, S. and {Nagy}, Z. and {P{\'e}rez-Beaupuits}, J.~P. and {Risacher}, C. and {van der Marel}, N. and {van Weeren}, R.~J. and {Wyrowski}, F.},
  Journal                  = {\aap},
  Year                     = {2015},
  Month                    = {Apr},
  Pages                    = {A109},
  Volume                   = {576},
  Adsnote                  = {Provided by the SAO/NASA Astrophysics Data System},
  Adsurl                   = {https://ui.adsabs.harvard.edu/abs/2015A&A...576A.109Y},
  Archiveprefix            = {arXiv},
  DOI                      = {10.1051/0004-6361/201424538},
  Eid                      = {A109},
  Eprint                   = {1501.03259},
  Keywords                 = {astrochemistry, stars: formation, stars: protostars, ISM: molecules, techniques: spectroscopic, Astrophysics - Solar and Stellar Astrophysics},
  Primaryclass             = {astro-ph.SR}
}

@Article{YL18,
  Title                    = {{CO in Protostars (COPS): Herschel-SPIRE Spectroscopy of Embedded Protostars}},
  Author                   = {{Yang}, Yao-Lun and {Green}, Joel D. and {Evans}, Neal J., II and {Lee}, Jeong-Eun and {J{\o}rgensen}, Jes K. and {Kristensen}, Lars E. and {Mottram}, Joseph C. and {Herczeg}, Gregory and {Karska}, Agata and {Dionatos}, Odysseas and {Bergin}, Edwin A. and {Bouwman}, Jeroen and {van Dishoeck}, Ewine F. and {van Kempen}, Tim A. and {Larson}, Rebecca L. and {Y{\i}ld{\i}z}, Umut A.},
  Journal                  = {\apj},
  Year                     = {2018},
  Month                    = {Jun},
  Number                   = {2},
  Pages                    = {174},
  Volume                   = {860},
  Adsnote                  = {Provided by the SAO/NASA Astrophysics Data System},
  Adsurl                   = {https://ui.adsabs.harvard.edu/abs/2018ApJ...860..174Y},
  Archiveprefix            = {arXiv},
  DOI                      = {10.3847/1538-4357/aac2c6},
  Eid                      = {174},
  Eprint                   = {1805.00957},
  Keywords                 = {ISM: molecules, stars: protostars, submillimeter: ISM, submillimeter: stars, surveys, Astrophysics - Astrophysics of Galaxies, Astrophysics - Solar and Stellar Astrophysics},
  Primaryclass             = {astro-ph.GA}
}

@Article{Yoo17,
  Title                    = {{The JCMT Transient Survey: Detection of Submillimeter Variability in a Class I Protostar EC 53 in Serpens Main}},
  Author                   = {{Yoo}, Hyunju and {Lee}, Jeong-Eun and {Mairs}, Steve and {Johnstone}, Doug and {Herczeg}, Gregory J. and {Kang}, Sung-ju and {Kang}, Miju and {Cho}, Jungyeon and {The JCMT Transient Team}},
  Journal                  = {\apj},
  Year                     = {2017},
  Month                    = {Nov},
  Number                   = {1},
  Pages                    = {69},
  Volume                   = {849},
  Adsnote                  = {Provided by the SAO/NASA Astrophysics Data System},
  Adsurl                   = {https://ui.adsabs.harvard.edu/abs/2017ApJ...849...69Y},
  Archiveprefix            = {arXiv},
  DOI                      = {10.3847/1538-4357/aa8c0a},
  Eid                      = {69},
  Eprint                   = {1709.04096},
  Keywords                 = {stars: formation, Astrophysics - Solar and Stellar Astrophysics, Astrophysics - Astrophysics of Galaxies},
  Primaryclass             = {astro-ph.SR}
}

@Article{Yva16,
  Title                    = {{Molecule survival in magnetized protostellar disk winds. II. Predicted H$_{2}$O line profiles versus Herschel/HIFI observations}},
  Author                   = {{Yvart}, W. and {Cabrit}, S. and {Pineau des For{\^e}ts}, G. and {Ferreira}, J.},
  Journal                  = {\aap},
  Year                     = {2016},
  Month                    = {Jan},
  Pages                    = {A74},
  Volume                   = {585},
  Adsnote                  = {Provided by the SAO/NASA Astrophysics Data System},
  Adsurl                   = {https://ui.adsabs.harvard.edu/abs/2016A&A...585A..74Y},
  Archiveprefix            = {arXiv},
  DOI                      = {10.1051/0004-6361/201525915},
  Eid                      = {A74},
  Eprint                   = {1511.03944},
  Keywords                 = {astrochemistry, line: profiles, magnetohydrodynamics (MHD), stars: jets, stars: protostars, ISM: jets and outflows, Astrophysics - Solar and Stellar Astrophysics},
  Primaryclass             = {astro-ph.SR}
}

@Article{Zuc76,
  Title                    = {{High-velocity gas in the Orion infrared nebula.}},
  Author                   = {{Zuckerman}, B. and {Kuiper}, T.~B.~H. and {Rodriguez Kuiper}, E.~N.},
  Journal                  = {\apjl},
  Year                     = {1976},
  Month                    = {Nov},
  Pages                    = {L137-L142},
  Volume                   = {209},
  Adsnote                  = {Provided by the SAO/NASA Astrophysics Data System},
  Adsurl                   = {https://ui.adsabs.harvard.edu/abs/1976ApJ...209L.137Z},
  DOI                      = {10.1086/182284},
  Keywords                 = {Infrared Spectra, Interstellar Gas, Nebulae, Stellar Mass Ejection, Gravitational Collapse, Main Sequence Stars, Molecular Spectra, Stellar Evolution, Astrophysics}
}

@Article{ZY07,
  Title                    = {{Toward Understanding Massive Star Formation}},
  Author                   = {{Zinnecker}, H. and {Yorke}, H.~W.},
  Journal                  = {\araa},
  Year                     = {2007},
  Month                    = sep,
  Pages                    = {481-563},
  Volume                   = {45},
  Adsnote                  = {Provided by the SAO/NASA Astrophysics Data System},
  Adsurl                   = {http://adsabs.harvard.edu/abs/2007ARA%26A..45..481Z},
  Archiveprefix            = {arXiv},
  DOI                      = {10.1146/annurev.astro.44.051905.092549},
  Eprint                   = {0707.1279}
}

@Article{ZY14,
  Title                    = {{Far-infrared molecular lines from low- to high-mass star forming regions observed with Herschel}},
  Author                   = {{Karska}, A. and {Herpin}, F. and {Bruderer}, S. and {Goicoechea}, J.~R. and {Herczeg}, G.~J. and {van Dishoeck}, E.~F. and {San Jos{\'e}-Garc{\'\i}a}, I. and {Contursi}, A. and {Feuchtgruber}, H. and {Fedele}, D. and {Baudry}, A. and {Braine}, J. and {Chavarr{\'\i}a}, L. and {Cernicharo}, J. and {van der Tak}, F.~F.~S. and {Wyrowski}, F.},
  Journal                  = {\aap},
  Year                     = {2014},
  Month                    = {Feb},
  Pages                    = {A45},
  Volume                   = {562},
  Adsnote                  = {Provided by the SAO/NASA Astrophysics Data System},
  Adsurl                   = {https://ui.adsabs.harvard.edu/abs/2014A&A...562A..45K},
  Archiveprefix            = {arXiv},
  DOI                      = {10.1051/0004-6361/201321954},
  Eid                      = {A45},
  Eprint                   = {1311.6644},
  Keywords                 = {infrared: ISM, ISM: jets and outflows, stars: protostars, molecular processes, astrochemistry, Astrophysics - Solar and Stellar Astrophysics},
  Primaryclass             = {astro-ph.SR}
}

