@ARTICLE{Kaa04,
   author = {{Kaas}, A.~A. and {Olofsson}, G. and {Bontemps}, S. and {Andr{\'e}}, P. and 
	{Nordh}, L. and {Huldtgren}, M. and {Prusti}, T. and {Persi}, P. and 
	{Delgado}, A.~J. and {Motte}, F. and {Abergel}, A. and {Boulanger}, F. and 
	{Burgdorf}, M. and {Casali}, M.~M. and {Cesarsky}, C.~J. and 
	{Davies}, J. and {Falgarone}, E. and {Montmerle}, T. and {Perault}, M. and 
	{Puget}, J.~L. and {Sibille}, F.},
    title = "{The young stellar population in the Serpens Cloud Core:  An ISOCAM survey}",
  journal = {\aap},
   eprint = {astro-ph/0404439},
 keywords = {stars: formation, stars: pre-main-sequence, stars: luminosity function, mass function, stars: low-mass, brown dwarfs, ISM: individual objects: Serpens Cloud Core},
     year = 2004,
    month = jul,
   volume = 421,
    pages = {623-642},
      doi = {10.1051/0004-6361:20035775},
   adsurl = {http://adsabs.harvard.edu/abs/2004A%26A...421..623K},
  adsnote = {Provided by the SAO/NASA Astrophysics Data System}
}
@ARTICLE{Sur16,
   author = {{Suresh}, A. and {Dunham}, M.~M. and {Arce}, H.~G. and {Evans}, II, N.~J. and 
	{Bourke}, T.~L. and {Merello}, M. and {Wu}, J.},
    title = "{A Catalog of Low-mass Star-forming Cores Observed with SHARC-II at 350 {$\mu$}m}",
  journal = {\aj},
archivePrefix = "arXiv",
   eprint = {1604.04022},
 keywords = {ISM: clouds, stars: formation, stars: low-mass, submillimeter: ISM},
     year = 2016,
    month = aug,
   volume = 152,
      eid = {36},
    pages = {36},
      doi = {10.3847/0004-6256/152/2/36},
   adsurl = {http://adsabs.harvard.edu/abs/2016AJ....152...36S},
  adsnote = {Provided by the SAO/NASA Astrophysics Data System}
}
